3554 5384
284 318 337 398 34
694 280 758 366 De
788 282 1056 391 superstitione.
1086 277 1287 386 Vitanda,

282 431 538 549 appellatione,
565 429 621 505 sed
646 455 689 506 ne
714 432 823 509 licere
848 432 1012 535 quidem.
1037 437 1131 507 Cum
1158 433 1293 531 legibus
1318 427 1680 533 hasienuspropofitis

282 536 509 613 conserantur
532 529 627 605 illius
652 531 837 607 rationes.
874 538 955 607 Hoc
983 531 1029 607 est
1054 534 1320 634 perpendatur,
1359 556 1443 606 num
1469 534 1584 609 tutela
1610 533 1681 619 sen·

282 630 404 708 tentiae
430 629 619 706 Scotisticae
645 629 684 706 stt
709 636 844 707 Bonum
870 632 988 731 Majus
1014 659 1056 707 ac
1089 631 1303 734 prestantius
1328 631 1415 706 Vita
1452 632 1571 721 nostra
1592 688 1619 724 ,.
1641 659 1684 721 ac¹

285 732 420 833 insuper
453 735 591 804 Bonum
625 756 719 829 aque
744 738 893 807 Certum
921 759 961 807 ac
999 731 1122 807 eadem
1157 732 1271 806 Vita.
1303 733 1363 807 Vei
1396 731 1468 831 ipse
1502 726 1683 809 Piitaniur

285 834 299 932 (
324 852 446 933 repeto
473 832 730 906 Parthenotimi
758 832 867 906 verba
893 829 1067 933 pag.18.)
1093 858 1158 907 nen
1183 851 1283 927 negat
1303 854 1367 928 pro
1393 832 1521 926 legibus
1539 830 1681 939 [enisis-

278 933 375 1034 fimis
392 930 605 1031 fundendum
630 930 694 1032 effla
711 934 930 1033 sernguinem.
956 932 1133 1030 Numquid
1157 936 1245 1005 inter
1270 933 1356 1026 seges
1372 929 1603 1042 [indiffinite
1619 957 1682 1015 nes

283 1032 332 1145 est
356 1034 524 1128 Virginem
549 1032 728 1106 uenerari?
752 1034 920 1127 Virginem
946 1036 1105 1105 venerari
1129 1051 1167 1105 ur
1184 1031 1365 1131 stradam?
1390 1034 1447 1109 Ita
1473 1033 1572 1121 rllc,
1603 1032 1681 1129 cius:
1717 1119 1719 1125 Α

283 1130 651 1235 quc‘paralogismum
677 1130 781 1205 facile
808 1130 947 1232 quisquc
973 1130 1123 1205 sentiat.
1158 1136 1257 1205 Nam
1282 1130 1428 1207 ubinam
1483 1130 1584 1215 uaso,
1606 1132 1679 1215 vsunt
1712 1128 1724 1154 ‘

273 1232 489 1403 [indigem
513 1233 628 1327 seges,
660 1230 860 1306 Christiano
887 1232 1021 1385 Pogulo
1046 1229 1288 1321 mandantes,
1326 1253 1363 1305 ut
1392 1157 1539 1311 credant
1566 1230 1680 1329 Virgi-

283 1358 365 1406 nem
405 1360 458 1407 me
485 1331 682 1405 labe'fuitse
710 1350 947 1430 conceptam.
984 1331 1151 1405 Conscius
1186 1328 1245 1407 fibi
1272 1330 1320 1403 est
1345 1331 1405 1404 vel
1443 1329 1512 1428 ipse
1539 1328 1680 1417 Parthe-¹

283 1433 464 1531 norimus,
506 1433 639 1504 nullam
666 1431 743 1505 heic
770 1432 886 1530 legem
912 1455 1120 1506 occurrere.
1156 1430 1329 1505 Liberum
1357 1429 1403 1505 est
1437 1428 1640 1513 Catholicis
1658 1455 1680 1513 ,e

283 1530 416 1606 duabus
441 1530 676 1631 Opinionibus
703 1532 888 1606 contrariis
916 1532 1015 1607 illam
1043 1528 1226 1630 ampledli,
1255 1556 1360 1630 quarn
1387 1529 1499 1629 magis
1526 1532 1681 1628 piam-ac
1772 1548 1775 1553 ·

284 1630 442 1706 Veritati
469 1629 672 1732 propiorem
684 1632 916 1706 arbitrentur.
944 1639 1011 1722 At,
1040 1631 1178 1731 inquit,
1205 1631 1367 1726 numquid
1389 1632 1479 1703 inter
1503 1630 1682 1729 legessun·

284 1729 443 1839 &affimat
468 1757 531 1803 nen
557 1730 605 1827 eli
639 1735 807 1826 Virginem
842 1735 1042 1805 venerari?
1076 1729 1350 1823 proculdubio.
1386 1730 1686 1828 Consequentiam

284 1836 375 1906 nunc
403 1831 518 1904 inser:
554 1836 652 1928 Ergo
687 1831 838 1907 credere·
866 1858 906 1906 ac
942 1831 1034 1905 tueri
1069 1831 1277 1917 sententiam
1304 1828 1687 1913 Scotisiicantleuest

282 1928 442 2023 Ecclesia
467 1930 684 2007 Catholicae.
712 1932 802 2024 Qis
828 1958 899 2005 non
925 1930 1120 2044 intelligat,
1149 1954 1254 2031 quam
1280 1929 1408 2003 claudo
1432 1929 1487 2003 seu
1508 1928 1608 2009 nullo
1626 1953 1695 2027 pe.-

281 2031 323 2106 de
336 2030 581 2131 argumentum
594 2031 792 2131 procedat?
818 2034 989 2106 Venerari
1001 2031 1188 2129 Virginem
1213 2031 1273 2103 lex
1299 2024 1457 2129 profesio
1483 2012 1688 2123 saudlilstma

284 2130 352 2205 est.
380 2141 429 2204 At
455 2133 552 2204 nulla·
576 2134 652 2231 lege
680 2132 839 2229 jubentur
864 2131 1046 2205 Catholici
1073 2155 1153 2204 cam
1172 2153 1328 2230 'quoquc
1354 2127 1495 2201 credere
1520 2126 1691 2205 sere-ori·

284 2230 396 2330 ginali
422 2233 525 2330 culpa
551 2251 774 2329 conceptam.
800 2236 899 2311 Nam
925 2233 962 2305 8<
1012 2229 1048 2302 ui
1075 2248 1198 2302 eontra
1219 2225 1609 2325 sentiunt,.Virgiuem
1630 2251 1687 2303 vc·

285 2349 486 2422 nerantur,
524 2331 561 2404 &
589 2330 699 2404 cultui
726 2330 808 2429 erga
835 2329 934 2402 illam
961 2328 1002 2402 de
1029 2329 1083 2403 ito
1107 2329 1204 2402 nulla
1230 2353 1274 2400 ex
1309 2347 1406 2427 parte
1441 2326 1593 2411 desunt.
1622 2325 1687 2409 ,Ad

282 2428 376 2504 haec:
401 2429 542 2530 quando
568 2429 825 2504 Parthenotimi
852 2429 1081 2504 ratiocinatio
1107 2427 1183 2500 vim
1210 2426 1373 2502 habitura
1399 2425 1478 2501 heic
1504 2427 1610 2517 esset,
1648 2425 1684 2508 ὃς

283 2528 343 2604 lex
368 2530 573 2604 universalis
599 2530 643 2604 ab
670 2556 712 2604 eo
737 2527 907 2629 produdla
932 2525 1121 2630 complesli
1148 2527 1292 2601 deberet
1318 2527 1410 2600 hunc
1436 2525 1549 2601 etiam
1572 2526 1687 2605 casum

284 2628 492 2731 fingularein
518 2630 724 2705 veneranda
760 2630 933 2730 Viginis,
969 2654 1049 2703 cam
1075 2626 1251 2704 credendo
1287 2627 1324 2701 in
1350 2626 1600 2726 Conceptionc
1618 2624 1687 2706 im.-

286 2730 522 2809 maculatam:
548 2753 663 2805 nonne
689 2731 718 2804 is
746 2731 862 2821 videt,
891 2727 1047 2805 nonsibi
1074 2748 1247 2818 tantum,
1282 2726 1337 2815 sed
1364 2725 1526 2801 omnibus
1551 2726 1687 2805 cithu

284 2830 363 2906 licis
389 2830 589 2929 eligendam
617 2833 679 2903 esse
708 2849 859 2903 mortem
885 2857 950 2935 pro
975 2829 1106 2903 tuenda
1133 2829 1256 2902 eadem
1281 2826 1482 2918 sentent-ia,
1517 2851 1565 2907 ne
1584 2850 1687 2905 venc-

286 2929 417 3003 rationi
444 2956 527 3026 erga
553 2929 748 3025 Deiparam
775 2928 922 3003 desint?
959 2935 1009 3002 At
1037 2927 1123 3001 iilud
1152 2929 1195 3002 ab
1221 2926 1319 3000 omni
1347 2926 1501 3000 veritate
1528 2925 1686 3001 alienum

286 3029 361 3118 esi,
397 3053 506 3124 neque
533 3027 570 3098 id
596 3027 878 3102 Parthenotimus
903 3028 970 3128 ipse
997 3026 1193 3101 diffitetur.
1231 3033 1328 3126 &go
1354 3027 1468 3125 prima
1493 3026 1567 3124 ejus
1591 3024 1686 3101 ratio

289 3146 389 3200 extra
416 3125 592 3199 officinam
618 3124 719 3199 reela
745 3127 1031 3201 ratiocinationis
1056 3126 1226 3200 fabricata
1254 3127 1319 3200 est.

339 3225 449 3299 Addit
479 3225 539 3298 ille
566 3226 688 3298 eadem
715 3226 843 3327 pagina
874 3232 931 3301 18.
958 3233 1036 3300 Nem
1062 3232 1201 3319 Martyr
1225 3225 1304 3325 effer
1323 3229 1386 3322 pie
1409 3249 1573 3316 vovens,
1603 3225 1687 3324 quia

288 3323 466 3427 afferentur
490 3329 713 3400 Immaculaeae
738 3332 854 3400 Bearae
878 3329 1027 3422 Virginis
1036 3329 1274 3423 Consentiam,
1301 3350 1361 3398 nec
1378 3346 1444 3422 pro
1467 3323 1614 3427 ejusdem
1639 3322 1689 3395 m·-

285 3427 376 3501 reeta
401 3426 634 3518 Certitadine,
662 3454 735 3524 quae
760 3428 901 3501 nondum
924 3426 972 3526 esl
993 3427 1034 3499 de
1058 3427 1165 3516 Fide,
1192 3445 1324 3497 mortem
1351 3443 1539 3522 oppeteret,
1560 3423 1688 3523 scripto

157 3601 162 3615 ,
286 3526 328 3601 de
345 3527 474 3624 enfione
489 3528 690 3601 Sanditetis
700 3531 892 3617 Marianae,
920 3554 994 3624 quae
1017 3530 1181 3601 Virtmem
1205 3527 1396 3618 Religionis
1411 3523 1541 3622 sapite
1563 3521 1689 3599 &ber

287 3654 306 3700 e
360 3628 423 3699 isla
449 3630 600 3714 Veritas,
621 3648 685 3721 prr
710 3646 777 3722 ‘qua
802 3648 997 3700 mereretur.
1024 3627 1190 3701 Alterum
1217 3622 1686 3725 paralogismumhabemus.

287 3730 344 3798 En
371 3725 441 3821 ejus
468 3726 759 3821 argumentatio.
793 3727 992 3800 Defendere
1029 3724 1262 3799 Sanilitatcm
1298 3724 1425 3797 Maria
1461 3720 1592 3821 spedlat
1618 3720 1688 3793 sine

289 3821 510 3897 dubitatione
538 3823 581 3895 ad
607 3824 787 3897 Virtutem
814 3826 1040 3924 Religioni53
1065 3825 1102 3911 dc
1129 3824 1188 3921 qui
1215 3822 1449 3913 Sandlitatem
1473 3820 1604 3909 Mariae
1628 3821 1689 3908 suo

278 3921 453 4020 'sangnine
479 3922 623 3996 tellatur
642 3966 669 4014 ,·
690 3922 783 3998 resse
809 3925 923 4014 facit,
960 3925 996 3997 δε
1023 3927 1167 4016 Martyr
1193 3922 1374 4011 certisime
1401 3920 1536 4020 suerit,
1572 3918 1690 4018 Atqui

288 4021 382 4095 tueri
395 4023 453 4096 suo
466 4023 641 4122 Sanguine
652 4024 855 4098 sententiam
866 4028 1045 4098 faventem
1057 4022 1278 4096 Immunitati
1297 4023 1495 4115 Mariana,
1519 4017 1619 4104 idem
1643 4017 1689 4107 est

280 4122 428 4223 ‘actujeri
449 4123 841 4215 SanslitatemMaria.
868 4128 965 4222 Ergo
985 4122 1073 4212 hanc
1093 4121 1300 4209 sententiam
1326 4124 1386 4198 suo
1413 4119 1595 4219 Sanguine·
1608 4144 1690 4221 pto·

289 4234 468 4323 pugnans,
495 4221 589 4297 resle
613 4223 720 4315 sarit,
749 4244 851 4325 atque
878 4222 970 4297 inter
996 4226 1176 4317 Martyres
1202 4222 1464 4311 numerabitur.
1482 4222 1600 4310 'Ham
1628 4244 1691 4317 pu-

288 4328 350 4412 io,
371 4322 553 4418 'Theologi
571 4324 677 4397 Siculi
705 4349 802 4398 mens
827 4325 864 4398 dc
890 4322 1183 4421 argumentatio,
1218 4347 1330 4426 neque
1359 4323 1429 4396 alia
1456 4323 1518 4394 esse
1545 4317 1692 4423 potest.

274 4422 439 4517 {Etzsane
465 4419 490 4494 se
514 4422 729 4525 syllogismus
754 4423 906 4502 veritate
931 4422 1080 4517 nititur,
1107 4423 1211 4525 longe
1236 4424 1355 4524 Majus
1380 4426 1519 4505 Bonum
1537 4420 1586 4499 est
1605 4443 1693 4527 pro·

1256 4565 1259 4571 ·
1630 4541 1697 4602 pu-
