3554 5384
175 283 264 366 'bol
388 236 391 242 ι
566 274 631 356 De
660 254 933 382 Sirperfiia‘ane
953 256 1173 374 Vitam,
1346 243 1351 251 ’

184 425 419 498 VERITAT
419 424 501 494 EM
516 421 774 498 SANGUINE
792 417 840 503 (9⁹
852 417 983 494 VITA
989 415 1060 507 s&
1071 413 1222 503 curandi,
1234 419 1272 488 iet
1292 411 1381 488 idem
1398 412 1423 489 'a
1433 418 1576 518 'ristqur

175 523 271 626 fiat.
298 529 354 597 Ita
372 521 433 597 ille
452 519 610 611 aanor,
637 522 698 622 qui
718 519 890 602 insuetum
910 518 978 595 hoc
995 520 1133 618 Votum
1154 516 1267 594 veluti
1296 516 1474 593 rarissima
1503 512 1578 594 Pit·

182 624 270 703 tatis
290 621 713 726 prodigiumsuspicie‘ns,
743 618 839 695 addit
867 643 882 690 .·
906 618 976 694 Nes
993 614 1054 699 cde'
1074 616 1228 714 Cosenza
1251 614 1286 717 fi
1312 619 1511 714 vvanraggit
1535 620 1577 692 dd

178 727 262 819 ‘agni
282 724 372 796 astra
391 720 487 795 Citrd
508 722 564 796 des
580 722 738 813 Mandr,·
763 738 887 794 mentre
908 744 953 792 uu
969 711 1067 817 fimi}
1084 735 1163 790 voto
1181 720 1222 789 di
1245 718 1338 792 niun’
1350 719 1441 792 altra
1449 717 1486 818 fi
1511 715 1577 815 leg·

176 848 243 918 ge.
269 826 395 920 Neque
415 823 569 920 legetur,
596 822 701 896 subdo
722 847 810 921 ego,
836 819 922 896 dum
931 815 1062 896 Christi
1081 815 1221 893 Fideles
1239 819 1437 908 accuratius
1447 821 1487 894 in
1499 824 1575 894 r'e'n'r

182 922 291 1021 ipsam
313 921 577 1021 introspiciant,
604 923 641 997 δε
661 923 775 1022 sapere
789 942 952 1021 pergant.
1404 944 1406 951 ’
1467 925 1469 927 ’
1545 937 1548 944 ’

233 1026 265 1095 E
288 1021 409 1095 *uidem
428 1024 567 1104 infimus
583 1024 620 1097 in
642 1023 750 1097 domo
770 1021 841 1095 Dei
860 1024 957 1114 sum,
981 1039 1140 1095 attamen
1162 1018 1302 1120 quando
1328 1019 1500 1094 omniunt
1529 1019 1576 1092 est

183 1047 384 1218 Fideiium,
411 1123 604 1201 Ecclesiam
624 1123 696 1197 Dei
717 1124 871 1197 matrem
903 1119 1074 1212 nollram,
1105 1120 1241 1220 ejusque
1269 1118 1473 1194 dodlrinam
1502 1127 1577 1217 ges·

183 1247 327 1297 manant
341 1224 454 1313 tueri,
481 1224 592 1297 libera
609 1223 688 1297 heic
705 1232 795 1297 voce
820 1224 897 1319 ajo,
923 1223 1024 1294 freno
1044 1218 1201 1294 tamdem
1219 1244 1305 1318 opus
1327 1219 1389 1293 else
1408 1218 1457 1293 'ad
1482 1240 1578 1292 corn·

176 1322 352 1422 'poscenda
373 1323 519 1421 Ingenia
541 1324 599 1398 sub
618 1324 763 1397 Pietatis
788 1321 898 1430 specie
916 1341 1018 1395 extra
1043 1319 1177 1395 orbitas
1188 1338 1283 1394 verae
1299 1319 1445 1393 Pietatis
1455 1316 1579 1392 d'ecur-

177 1423 321 1522 nentia.
349 1423 473 1515 Addo,
487 1424 666 1506 manifesse
677 1424 901 1526 imprudens,
927 1420 1087 1511 nullum,
1113 1446 1154 1493 ac
1168 1419 1309 1496 irritum
1324 1421 1386 1493 esse
1404 1419 1578 1518 hujusmo-

175 1521 219 1601 'di
239 1526 395 1612 Votum,
423 1549 535 1624 neque
556 1524 623 1596 fine
638 1526 764 1598 scelere
781 1524 908 1596 Vitam
937 1518 1101 1626 profundi
1128 1521 1218 1620 posse
1239 1531 1304 1620 pro
1328 1517 1460 1593 tuenda
1490 1516 1580 1618 O'pi·

179 1621 313 1710 niune,
342 1647 416 1720 quae
436 1627 656 1722 nequaquam
685 1622 901 1712 Probabilis,
927 1621 1042 1703 immo
1067 1621 1168 1694 Falla
1201 1645 1246 1693 ex
1276 1616 1381 1693 dinis
1414 1617 1580 1692 censenda

180 1721 253 1794 est.
279 1720 437 1795 Evidens
458 1723 584 1822 quippe
605 1724 669 1797 elle
697 1719 845 1812 srncerus
870 1719 1012 1822 quisque
1036 1746 1153 1794 rerum
1173 1718 1361 1813 adimator
1387 1717 1581 1818 deprehen·

183 1820 269 1910 det,
297 1838 436 1910 ueteres
456 1826 597 1914 Patres,
624 1822 739 1921 (inter
756 1848 843 1924 quos
863 1822 935 1900 duo
955 1821 1079 1905 eximii
1111 1839 1190 1896 tum
1208 1817 1369 1895 dodlrina
1399 1839 1479 1893 tum
1509 1820 1580 1891 san·

180 1918 307 2004 &itate
341 1922 527 2007 Pontifices
556 1923 718 2014 Maximi
745 1925 822 2001 Leo
844 1922 932 1999 L&
959 1919 1157 2021 Gregorius
1167 1924 1321 2020 Magnus
1341 1941 1469 2019 praeter
1487 1922 1580 1991 Leo·-

178 2045 266 2094 nem
294 2024 359 2107 IV.
388 2021 425 2107 ὃς
450 2021 683 2114 Ambrofius,
725 2022 762 2098 dc
798 2021 1042 2120 Augustinus,
1077 2022 1364 2108 &'Anselmns,
1403 2021 1440 2093 dt
1467 2017 1578 2095 'Tne

183 2147 277 2211 mas,
303 2121 345 2196 δι’
361 2125 633 2215 Bo'naventura,
659 2120 820 2214 Ecclesia
843 2120 1044 2219 Dodores)
1069 2132 1142 2197 non
1160 2121 1580 2221 solum‘ignorasse'prae'·

182 2219 391 2317 rogativam
409 2223 499 2295 hanc
517 2249 538 2296 a
557 2224 804 2312 Novatoribus
824 2221 892 2321 piis
910 2223 1078 2322 Deiparae
1101 2221 1336 2315 attributam,
1361 2220 1416 2294 sed
1447 2219 1503 2295 ita
1526 2220 1579 2292 lec

185 2339 312 2419 quutos
343 2322 462 2413 suille,
490 2343 529 2396 ut
561 2344 679 2423 aperte
710 2323 886 2411 destruant
916 2323 1038 2396 saltem
1060 2319 1578 2397 sententiam-auferentiumva

180 2420 295 2513 Beata
314 2420 464 2518 Virgine
481 2424 644 2508 Debitum
664 2426 802 2511 Petenti
827 2424 1034 2514 Originasis.
1061 2426 1231 2514 Quonam
1260 2430 1347 2520 'ergo
1382 2419 1493 2493 abibit
1521 2430 1580 2492 νεὶ

181 2518 325 2592 metatio
344 2520 478 2620 semper
498 2522 623 2612 habita
639 2523 677 2597 in
698 2521 851 2612 Ecclesia
876 2520 970 2611 Dei,
997 2523 1199 2623 semperque
1227 2520 1388 2594 habenda
1418 2517 1580 2592 unanimi

184 2616 394 2693 Sandiorum
415 2625 558 2698 Patrum
574 2622 801 2714 Traditioni?
826 2629 874 2697 Et
894 2646 1054 2722 quanam
1078 2621 1267 2697 Prudentia
1283 2620 1394 2708 suerit
1415 2645 1481 2718 pro
1502 2627 1580 2692 tam

184 2719 303 2793 sallaei
322 2719 492 2806 sententia
505 2721 699 2813 discrimini
713 2723 839 2816 Vitam
860 2721 1059 2837 exponere?
1084 2726 1204 2798 Immo
1223 2747 1334 2821 quum
1357 2723 1454 2793 nesas
1472 2719 1512 2794 fit
1531 2728 1582 2791 am

183 2843 253 2918 que
266 2824 457 2896 Peccatum
477 2847 544 2921 pro
565 2823 808 2924 Opinionum,
835 2823 920 2897 licet
938 2825 1103 2914 Piarum,
1130 2823 1242 2896 tutela
1262 2819 1449 2894 tormentis
1469 2819 1507 2892 δε
1529 2818 1580 2891 se·

182 2919 324 2993 curibus
344 2922 440 2995 suum
461 2945 565 3022 caput
586 2923 732 3019 offerre3
756 2924 936 3024 quisnam,
963 2950 1076 3022 rogo,
1107 2921 1298 3010 acrimine
1320 2921 1500 2992 excusaret
1510 2943 1580 3013 pro

183 3018 383 3113 hujusmodi
406 3021 515 3106 etiam
535 3047 606 3094 non
628 3024 772 3111 serenda
792 3023 975 3122 Opinione
996 3018 1288 3113 occumbentem?
1311 3023 1437 3118 Neque
1474 3017 1580 3116 plura

181 3114 352 3189 adtexere
372 3119 483 3207 volo,
510 3121 565 3218 spe
588 3119 711 3210 dusius
731 3124 829 3212 sore,
856 3141 894 3194 ut
918 3121 991 3192 haec
1012 3117 1425 3221 intimius‘perpendant,
1452 3114 1581 3216 quibus

185 3213 224 3288 δι
245 3213 359 3311 major
374 3215 622 3316 sapientiam,
649 3219 686 3303 δε
706 3222 904 3308 ferventior
914 3247 999 3294 cura
1010 3218 1413 3307 decernendiremedia',
1438 3213 1580 3317 srquen·

183 3313 235 3388 do
257 3315 488 3416 perspiciant,
516 3319 559 3391 ab
584 3320 901 3420 intemperantibus
927 3322 1098 3420 ingeniis,
1125 3323 1161 3402 de
1195 3321 1405 3409 inexcessus
1435 3315 1580 3419 Pietatis

185 3416 328 3505 incaute
351 3417 633 3516 declinantibus,
659 3421 850 3518 perniciosa
869 3421 1040 3520 dogmata
1062 3421 1263 3511 venditari,
1291 3444 1332 3495 ac
1357 3437 1497 3492 temere
1510 3415 1579 3488 nm

187 3515 301 3590 mines
321 3515 360 3590 in
380 3538 534 3606 mortem
555 3520 714 3618 impelli.
741 3520 798 3594 Ad
820 3522 1127 3604 Parthenotimum'
1147 3521 1271 3631 potius'
1287 3519 1410 3607 redeat
1437 3515 1577 3605 oratio,-

185 3640 298 3716 aquo
319 3615 484 3701 lubenter
500 3619 687 3708 rescirem,
714 3620 882 3718 probetne
913 3622 1000 3721 ipse,
1029 3649 1073 3696 an
1099 3620 1275 3722 improbet
1301 3616 1580 3694 ,cusentinorum

185 3715 398 3799 senteutiam
420 3719 478 3801 De
494 3717 605 3791 debito
620 3719 801 3821 Virginis,
830 3747 1022 3826 eorumque
1038 3725 1175 3807 Votum
1207 3716 1512 3820 sanguinarium.
1535 3713 1575 3787 si

186 3812 314 3910 probat
345 3841 355 3894 :
382 3813 466 3911 quid
488 3815 583 3889 aliud
602 3819 727 3913 restat,
754 3819 817 3895 nifi
835 3842 873 3895 ut
894 3820 1037 3903 demum
1049 3823 1221 3912 fateatur,
1248 3817 1579 3917 conculcariimpu·=

185 3936 229 3983 ne
247 3913 336 4010 posse
357 3911 606 3993 Traditionem
626 3922 834 4006 concordem
856 3921 1063 3996 Sandorum
1085 3927 1248 4012 Parrum,
1275 3918 1423 4008 &nihil
1447 3917 1583 3991 reserre

186 4011 383 4085 Catholicae
400 4013 582 4108 Ecclesrae,
610 4016 634 4088 fi
653 4020 832 4120 quisquam
850 4025 1046 4121 aspernatus
1055 4022 1287 4117 sententiam,
1311 4042 1391 4116 quae
1406 4013 1501 4121 apud
1516 4017 1584 4086 Pa·-

186 4126 280 4199 tres,
307 4112 344 4186 δε
364 4131 503 4189 veteres
519 4119 672 4220 quosque
686 4120 911 4217 Theologos,
937 4123 1148 4212 Communis
1173 4122 1264 4208 suit,
1290 4119 1441 4208 Novam
1458 4133 1585 4214 'atque'

188 4208 382 4321 ‘Prolem
404 4217 584 4313 excogitet
605 4245 646 4292 ac
662 4219 808 4313 doceat3
833 4223 870 4293 dc
886 4219 992 4303 licere
1003 4211 1494 4321 quamcumqueopinionem
1505 4233 1585 4286 tue·’

184 4328 241 4397 rr,
268 4307 349 4380 dum
370 4310 517 4388 Pietatis
537 4318 750 4392 lineamenta
770 4322 949 4418 praserat3
973 4318 1143 4401 immo&
1164 4320 1228 4419 pro
1247 4313 1588 4419 isla'propugnanda·

185 4395 327 4486 honeste
347 4411 561 4510 Sanguinem
577 4418 675 4495 mndi
696 4421 812 4517 posse,
837 4418 1031 4517 atquemde
1052 4410 1590 4586 speratiMartyriiioronansrs‘

254 4540 264 4564 ·
656 4532 660 4539 ’
1561 4539 1576 4586 ι
