3554 5384
610 384 615 392 ¹
671 295 804 402 Caput
834 288 1067 375 Decimam:
1128 354 1132 369 .
1519 290 1572 390 69

178 432 324 518 Eruditi
349 456 473 510 omnes
497 431 536 510 in
561 432 934 533 Italia,·Germania,
960 436 997 511 &
1024 432 1144 510 Gallia
1170 448 1319 522 norunt,
1345 428 1401 507 sed
1428 427 1578 505 Partho·

178 539 342 625 notimo,
369 537 406 610 8<
432 534 512 612 aliis
531 537 595 617 ,sub
621 541 693 614 alio
719 541 810 614 coelo
837 536 1038 613 viventibus
1064 536 1176 610 adhuc
1203 536 1365 634 ignotum
1399 530 1581 607 videtur·⁴

179 660 327 740 repeto,
358 636 394 710 iii
422 662 525 727 uam,
552 659 590 712 ut
618 641 843 730 Siculorum,
869 652 963 740 quos,
980 637 1101 734 magni
1128 634 1245 724 facio,
1273 635 1494 732 multumque
1520 631 1577 705 di·

152 831 155 837 ¹
180 743 282 841 ligo,
309 665 494 811 necelltati
521 740 744 818 succurram.
783 739 966 829 Fraudes,
1001 740 1192 835 figmenta,
1220 736 1376 835 salsaque
1403 734 1578 820 interpre-

180 839 361 936 tationes,
387 863 460 938 quac
486 838 518 911 se
544 840 575 913 se
602 840 764 920 inillam
790 839 955 917 intrusere
982 835 1283 926 controversiam,
1310 823 1578 945 rationibusquf

184 937 392 1039 legitimis,
428 963 511 1039 quas
546 939 736 1040 Theologi,
760 940 916 1015 melioris
951 960 1042 1013 notae
1068 964 1132 1039 pro
1158 937 1390 1012 Immunitate
1415 932 1580 1034 Virginis

186 1040 376 1129 attulere,
418 1037 455 1114 ἃ
491 1065 575 1140 quas
610 1065 689 1115 non·
718 1042 828 1116 solum
865 1039 1065 1116 Probabiles
1083 1065 1140 1112 ,ac
1176 1039 1254 1112 Pias
1271 1035 1474 1136 ..agnovit,
1520 1022 1581 1106 sed

187 1141 298 1215 etiam
334 1137 465 1213 intuitu
501 1139 596 1241 pacis
630 1143 681 1215 im
730 1140 884 1241 gnandas
921 1139 1273 1239 vetuitApostolica
1309 1135 1447 1226 Sedes,
1482 1133 1513 1206 se
1552 1119 1585 1195 se

189 1240 416 1319 addiderunt:
452 1236 491 1340 in
525 1242 640 1316 caussa
691 1265 809 1334 uere,
847 1267 908 1316 cur
941 1238 1234 1331 Certitudinem,
1267 1240 1430 1335 ignotam
1467 1233 1584 1307 adhuc

189 1346 362 1416 Romana
398 1340 581 1434 Ecclesia,
607 1342 833 1444 omnibusque
858 1343 928 1419 tite
953 1342 1133 1430 Eruditis,
1162 1338 1321 1415 nonnulli
1354 1336 1414 1411 sibi
1450 1334 1587 1436 persua·

190 1441 297 1517 serint
323 1441 354 1516 se
379 1440 508 1516 intueri
535 1444 573 1533 in
599 1443 723 1526 eadem
749 1442 951 1519 sententia.
986 1447 1072 1517 Non
1106 1441 1155 1516 est
1192 1467 1260 1518 una
1297 1437 1373 1513 auri
1396 1437 1504 1530 ,sacra
1538 1435 1588 1508 sa·

195 1566 295 1633 mes,
322 1567 398 1644 quae
425 1544 591 1621 mortalia
617 1542 760 1645 peslora
785 1543 829 1618 ad
856 1542 1227 1642 infandapertrahat.
1255 1537 1438 1615 Interdum
1455 1536 1492 1608 &
1519 1535 1589 1607 hoc

198 1642 286 1717 facit
319 1642 556 1719 immoderata
592 1645 712 1744 gloria
747 1645 785 1722 δε
820 1643 1092 1720 existimationis
1115 1641 1302 1744 ,cupiditas
1322 1639 1486 1738 [Atque
1522 1632 1591 1708 uti·

196 1768 281 1816 nam
305 1745 443 1818 ⁴nullum
468 1745 756 1842 hujusvtritatis
781 1747 985 1846 exemplum
1011 1743 1050 1819 in
1075 1743 1219 1819 Pietatis
1235 1765 1347 1842 regno
1366 1740 1591 1819 haberemus.

159 1845 433 1940 31nPietatii,
469 1846 645 1946 inquam,
681 1850 896 1944 opinative,
922 1844 1058 1919 nonin
1084 1845 1207 1933 Fidei,
1235 1869 1275 1916 ac
1293 1840 1413 1939 stisidae
1437 1837 1508 1910 sive
1533 1839 1591 1908 In·

186 1941 347 2043 ,trinsecae
357 1946 525 2035 Pietatis,
548 1945 763 2044 postremum
779 1945 875 2019 enim
901 1945 969 2018 hoc
990 1947 1137 2019 ‘firmum
1162 1944 1297 2041 semper
1321 1940 1411 2028 suit,
1436 1941 1594 2009 firmum·

197 2066 267 2140 que
292 2040 426 2140 semper
453 2041 519 2117 erit
547 2070 592 2116 eit
620 2043 840 2143 promisfione
864 2043 969 2134 Dei,
1002 2068 1113 2142 neque
1149 2062 1258 2142 porta
1285 2038 1394 2114 Inferi
1430 2033 1596 2110 adversus

198 2137 291 2212 illud
317 2141 574 2239 praevalebunt.
601 2146 723 2244 ltaque
750 2142 852 2236 dico,
879 2169 950 2217 non
977 2143 1116 2219 defuisse
1142 2142 1244 2223 olim,
1258 2140 1295 2214 in
1322 2135 1492 2237 Hispania
1533 2132 1596 2205 ho·

200 2239 336 2328 mines,
364 2242 425 2339 qui
442 2244 510 2315 hac
531 2242 703 2337 aviditate
730 2244 852 2343 gloria
879 2243 1009 2321 mirum
1035 2243 1073 2316 in
1100 2243 1246 2318 modum
1272 2237 1446 2328 succensi,
1468 2235 1597 2334 &zpo-

191 2338 366 2419 'tissinium
393 2341 573 2441 cupientes
599 2343 716 2435 videri
743 2343 833 2444 apud
852 2345 1024 2444 Populum
1044 2365 1123 2418 tuni
1143 2342 1333 2433 doslrina,
1359 2357 1438 2413 tum
1458 2337 1598 2410 Pietate

193 2442 289 2537 'erga
310 2437 562 2517 Sandlissimam
587 2445 660 2519 Dei
686 2445 929 2538 Genitricem,
955 2443 1318 2544 praestare'contra'riae
1337 2437 1601 2515 sententiaefau-

205 2534 381 2641 dotibus,
407 2541 944 2647 nihil.intentatum3reliquere,
966 2567 1014 2626 ‚ut
1032 2543 1184 2623 viatores
1200 2543 1392 2619 evaderent
1411 2534 1602 2612 lucontio·

193 2637 318 2737 suessia
344 2640 386 2715 de
414 2640 563 2742 ejusdem
589 2646 855 2746 conceptione«
882 2645 980 2730 Fieri
1005 2645 1040 2719 id
1065 2672 1137 2719 non
1162 2646 1252 2744 polle
1278 2639 1373 2718 redle
1391 2639 1444 2712 illi
1472 2634 1598 2737 perspi·

208 2737 345 2819 ciebant
371 2742 450 2817 solis
469 2745 664 2821 rationibus
680 2743 944 2841 Probabilibus,
972 2770 1056 2847 quas
1083 2741 1137 2819 ad'
1154 2771 1195 2819 ea
1222 2743 1325 2845 usque
1351 2761 1521 2839 tempora·
1539 2733 1602 2808 do·

194 2835 259 2927 ¹dli
287 2841 367 2929 viri
385 2842 644 2941 adhibuerant,
669 2846 706 2923 ὃς
733 2845 887 2935 Ecclesia
915 2849 968 2922 uti
996 2845 1203 2920 verisimiles
1229 2871 1270 2918 ac
1295 2839 1372 2942 pias
1398 2853 1599 2938 exceperat,

196 2940 317 3040 “atque
345 2943 531 3041 probarat.
557 2952 678 3040 Quare
703 2947 745 3021 ad
765 2946 875 3022 aliam
902 2946 1067 3027 vincendi
1093 2946 1270 3020 rationem
1290 2943 1324 3017 se
1347 2939 1600 3027 coutulerunt:

209 3043 403 3137 congessere
432 3045 558 3147 quippe
577 3075 595 3120 e
617 3069 777 3122 veterum
800 3048 1039 3129 monumentis
1060 3048 1194 3139 multa,
1222 3041 1423 3143 additisque
1437 3035 1528 3113 salsis
1548 3035 1603 3108 in·

213 3144 546 3239 terpretationihus,
568 3152 696 3223 eadem
717 3150 755 3222 in
773 3175 848 3224 reni
865 3151 961 3227 suam
980 3159 1183 3248 pertraxere
1205 3201 1214 3219 .
1240 3145 1362 3218 Multa
1387 3140 1497 3215 etiam
1517 3140 1605 3208 'con-

197 3239 366 3334 'linxerep
390 3270 503 3344 neque
529 3247 624 3332 enim
648 3274 744 3321 nova
769 3249 844 3323 sunt
861 3247 1196 3329 eorumdetestanda
1216 3243 1401 3341 exempla,
1428 3238 1490 3338 qui
1510 3260 1610 3310 men·

194 3338 274 3412 'tiri
297 3366 361 3437 pro
381 3342 496 3438 gloria
515 3345 579 3416 suae
596 3347 746 3443 patriae,
785 3346 900 3420 immo
919 3349 965 3442 &3
977 3362 1041 3446 pro
1061 3345 1199 3419 Pietate
1221 3399 1232 3433 ,
1259 3368 1330 3414 non
1357 3338 1569 3412 erubuerunt
1591 3387 1603 3423 ,

196 3440 360 3514 'fortassis
386 3441 495 3546 etiam
517 3443 625 3517 licere
655 3465 852 3545 putarunt.
888 3451 936 3520 Et
961 3444 1106 3546 quidem
1133 3461 1236 3518 tanto
1261 3440 1404 3516 successu
1431 3432 1607 3536 progressu

197 3539 386 3636 'temporis
412 3539 554 3639 perasla
579 3570 635 3618 res
661 3544 737 3636 est,
773 3567 811 3620 ut
838 3571 910 3620 non
935 3546 1071 3644 Populo
1096 3548 1266 3634 tantum,
1299 3538 1356 3614 se'd
1382 3537 1418 3611 δε
1452 3531 1609 3634 piissimis

213 3638 370 3750 Regibus
395 3641 593 3737 Catholicis
619 3646 813 3742 persuasum
840 3648 943 3745 plane
970 3645 1130 3736 suerit„¹
1147 3641 1240 3717 nihil
1277 3635 1509 3714 dubitandum
1537 3657 1608 3705 am·

214 3737 304 3835 phus
329 3738 372 3812 de
397 3740 561 3817 Veritate
588 3745 778 3820 Scotisticae
805 3745 1008 3840 sententia,
1039 3751 1153 3819 immo
1180 3743 1251 3838 ejus
1276 3741 1428 3814 tutelam
1459 3754 1611 3832 aspro·

216 3838 442 3944 pagationem
469 3844 532 3945 esse
558 3846 735 3942 peculiare
761 3845 916 3921 officium
943 3872 984 3919 ac
1011 3844 1201 3940 debitum(
1227 3847 1383 3937 Impegno
1408 3861 1471 3909 nos
1498 3831 1614 3935 appel

218 3938 332 4049 lamus
359 3939 568 4043 lgenerosae
604 3946 799 4047 Hispanicae
831 3948 975 4046 gentis,
1011 3970 1135 4045 quum·
1156 3941 1359 4016 Veritatem
1392 3934 1611 4009 &Cultum

221 4036 330 4145 illins¹
347 4041 727 4148 MysletiiHispania,
754 4048 871 4147 prima
905 4045 1098 4136 omnium,
1119 4039 1304 4142 ,peculiari
1342 4034 1532 4136 privilegio
1569 4031 1612 4104 ab

204 4139 400 4248 ..apostolis
426 4146 622 4245 acceperit.
648 4149 789 4223 Notum
815 4146 883 4239 est,
911 4164 1082 4246 quantuni
1107 4142 1295 4241 regionum
1334 4139 1474 4210 illarum
1501 4139 1613 4232 Popu-

205 4235 275 4335 u,
301 4239 425 4338 quihus
449 4243 488 4335 dt
514 4245 697 4321 Lusitanos
722 4249 854 4347 jungo,
880 4266 1002 4321 amore
1029 4244 1151 4344 gloriae
1178 4246 1375 4327 ferveant,
1404 4262 1453 4308 ac
1487 4230 1614 4344 potissi·

229 4360 326 4410 mum
354 4336 398 4410 ad
427 4338 680 4421 hancinliiare
706 4347 743 4421 in
769 4347 917 4431 Pietatis
941 4346 1061 4437 rebus,
1087 4341 1249 4418 &rebla
1272 4338 1360 4414 Fide
1376 4334 1617 4423 Catholicain

208 4433 299 4537 ¹finu
321 4441 401 4541 suo¹
431 4432 664 4542 conserpauda
684 4445 943 4555 „beddimuls
968 4442 1215 4535 natumst,
1244 4437 1492 4529 seliciffimam
1514 4430 1617 4628 ilggaa
