3554 5384
269 312 337 400 'si
569 333 572 337 ·
688 307 754 392 De
784 309 1054 433 Supepditione
1086 301 1295 414 Vitanda}

240 510 245 519 ,
266 452 348 561 pag.
361 451 422 557 7'1.
451 447 621 531 voventes
648 481 724 531 non·
747 450 850 529 aliter
877 478 1078 557 nuncupare
1100 458 1217 544 Vota,
1247 476 1351 554 quarn
1369 450 1427 528 sub
1447 452 1546 548 hae}
1572 482 1675 560 quarn

268 558 390 670 pallum
417 558 652 658 exprimunt,
689 557 876 631 formula:
902 563 1020 661 Juxta
1045 560 1249 629 Summarum
1282 550 1487 655 Pontificum
1523 559 1672 634 Decreta

259 684 339 751 jam
364 657 488 750 euim,
526 677 586 732 aut
611 656 765 753 deinceps
790 656 946 733 edenda?
979 664 1028 733 Ut
1055 682 1178 732 omnes
1204 655 1428 753 intelligunt,
1455 657 1551 733 nihil
1580 661 1669 738 aliud

266 756 436 860 signifieat
464 757 629 855 ejusmodi
646 755 897 858 protestatio,
931 758 994 832 nisr
1016 759 1047 831 se
1073 756 1207 832 tamdiu
1231 776 1404 830 tutaturos
1430 763 1668 837 earn'senten·

263 859 380 953 tiam,
407 859 574 960 quamdiu
599 860 699 933 illam
726 858 817 933 tueri
844 857 928 933 srnet
954 863 1119 933 Romana
1145 855 1330 947 Ecclesrat
1364 876 1468 960 atque
1496 859 1542 934 ab
1570 882 1614 937 e'a
1637 864 1666 939 se
1751 940 1755 953 ,

264 958 365 1035 illico
390 960 597 1052 recessuros,
624 959 684 1034 ubi
710 962 803 1034 secus
829 960 873 1034 ab
899 959 970 1059 ipsa
981 959 1135 1034 Ecclesra
1161 959 1429 1032 decerneretur.
1456 961 1596 1037 Veniat
1618 988 1664 1038 er·

264 1086 314 1159 go
337 1061 642 1151 Parthenotimus,
670 1081 730 1134 aut
757 1059 938 1162 quisquam
966 1060 1081 1150 alim,
1109 1060 1353 1133 Certitudiuem
1378 1057 1447 1131 srne
1473 1061 1662 1139 formidine

264 1156 861 1237 tribuensdefensoribusScotillieae
888 1161 1095 1235 Sententiae.
1123 1161 1198 1260 Ipsa
1225 1183 1349 1233 eorum
1374 1162 1470 1234 Vota
1498 1186 1541 1241 ac
1576 1179 1660 1255 fura·

266 1256 390 1336 menta
416 1261 611 1364 oppositum
627 1259 800 1339 clamant.
826 1261 932 1337 Fieri·
951 1287 1023 1336 non
1048 1261 1178 1360 potest,
1207 1259 1293 1361 quin
1318 1258 1358 1334 srt
1370 1260 1507 1361 Opinio
1533 1264 1662 1338 senten·

264 1360 319 1437 tia
345 1362 434 1457 illa,
461 1365 556 1462 cujus
583 1363 695 1438 adhuc
719 1363 862 1438 Veritas
888 1383 949 1437 aut
975 1363 1119 1437 Falsrtas
1144 1362 1266 1460 ignota
1293 1360 1484 1463 est.·-quod
1512 1362 1550 1439 dc
1578 1365 1663 1444 sate·

266 1462 302 1537 ri
328 1462 471 1539 coadlus
497 1465 543 1538 est
570 1464 664 1538 illius
690 1485 787 1540 tutor
812 1462 1127 1554 Parthenotimus‚
1167 1463 1383 1561 agnoscens,
1411 1462 1662 1542 'definitionem

265 1563 357 1656 lranc
385 1563 516 1660 iudicio
543 1563 676 1641 Sandlae
703 1564 802 1640 Sedis
829 1568 890 1639 esse
918 1565 1153 1654 reservatam,
1180 1564 1217 1638 tc
1237 1566 1328 1662 polle
1349 1565 1663 1666 perffnovumejus·

265 1660 348 1738 dem
374 1664 473 1739 Sedis
500 1665 683 1742 decretum
709 1667 893 1758 constare,
930 1669 1112 1740 Veritatem
1147 1663 1211 1765 effe
1237 1668 1273 1735 iu
1298 1664 1466 1760 sementia
1491 1669 1570 1739 Pie
1596 1692 1662 1741 cm·

263 1767 393 1867 traria.
421 1767 704 1859 Interimuero,
732 1767 815 1842 dum
841 1767 968 1867 pendet
994 1763 1158 1859 eiusmodi
1185 1763 1375 1864 judicium,
1403 1763 1426 1836 st
1453 1765 1536 1866 quis
1559 1771 1663 1841 eVo·
1756 1746 1760 1777 ¹

265 1864 433 1960 uentibus
458 1868 672 1967 Sanguinem
699 1868 859 1942 funderet
879 1893 944 1967 pro
969 1866 1098 1941 tuenda
1125 1865 1307 1940 Scotistica
1326 1865 1528 1940 sententia:
1553 1891 1662 1943 nonne

265 1962 382 2065 patet,
409 1966 520 2067 ipsum
536 1994 601 2068 pro
618 1971 784 2066 Opinione
802 1968 927 2041 Vitam
971 1969 1190 2058 rosusurum,
1217 1963 1305 2040 idest
1324 1963 1590 2065 imprudenter,
1615 1984 1662 2041 te·
1758 2022 1762 2045 .

267 2086 385 2156 mere,
412 2067 660 2167 detrectando,
687 1995 1080 2168 utsupraosteniimus,
1108 2090 1214 2168 atque
1226 2091 1263 2141 ut
1276 2065 1573 2142 Parthenotintus
1589 2082 1664 2169 pag
1758 2086 1763 2101 ¹

263 2166 329 2238 ¹18.
355 2166 481 2241 sentite
508 2168 546 2242 dt
572 2169 642 2268 ipse
669 2168 837 2260 videtur,
862 2169 1035 2243 scribens:
1060 2172 1148 2267 Quis
1175 2193 1330 2264 umquam
1347 2166 1574 2266 somniavit,
1606 2188 1668 2264 pm

263 2267 578 2362 fucmaopimme
594 2265 665 2367 fas·
682 2268 747 2370 effe
764 2267 923 2364 jugulum
950 2268 1064 2369 offerre
1089 2265 1285 2367 Carnifici?
1310 2266 1457 2342 Discant
1479 2292 1567 2364 ergo
1585 2271 1669 2341 Sarr-

264 2359 422 2462 guinarii
447 2369 536 2442 Vo'ti
565 2368 707 2444 clientes
732 2394 754 2443 a
781 2389 992 2470 praeceptore
1015 2371 1099 2460 suo,
1127 2369 1236 2443 abesse
1259 2371 1396 2442 aVoto
1413 2366 1669 2443 suoCer'timde'·

262 2487 340 2569 mm
365 2468 612 2562 lntn'nsecarn,
640 2467 888 2566 Objedlivam,
915 2467 1119 2558 Moralem,
1147 2467 1328 2563 Physrcam
1350 2468 1363 2558 -,'
1389 2468 1432 2542 dt·
1451 2463 1670 2579 Metaplrysr-

262 2587 366 2657 cam,
383 2567 532 2670 quando
553 2594 629 2644 cras
646 2569 756 2670 potest
773 2597 793 2646 a
812 2570 990 2647 Romanis·
1004 2569 1232 2645 Pontificibus
1246 2566 1458 2667 deprehendi
1474 2570 1619 2641 Veritas
1634 2564 1671 2640 in

262 2667 442 2742 contraria
462 2669 928 2767 Themistarumsententia3
955 2697 994 2746 ac
1006 2671 1153 2771 proinde
1171 2675 1308 2744 Votum
1330 2668 1428 2743 suum
1452 2684 1670 2742 tantummo-

263 2762 314 2839 do
334 2767 430 2841 fuisse
450 2769 779 2872 aedificatum‘super
798 2776 1047 2870 Appareutiam
1058 2775 1254 2862 Veritatis,¹
1268 2767 1325 2842 eui
1343 2768 1467 2843 subesse
1489 2767 1602 2843 etiam
1614 2788 1674 2867 po·

160 2879 161 2882 ’
264 2863 330 2959 tell
355 2869 527 2960 Falsum,
553 2876 664 2968 eaque
686 2871 732 2943 de
752 2875 861 2946 caussa
888 2873 920 2944 se
947 2871 1088 2945 tradere
1114 2870 1312 2946 tortoribus
1337 2869 1375 2942 &
1400 2865 1589 2947 liilorib'us
1613 2892 1676 2980 pro

265 2961 396 3037 tuenda
423 2966 605 3062 Opinione
632 2969 720 3058 hac,
747 2969 836 3043 idest
861 2971 1086 3068 Apparentia
1112 2970 1209 3046 illius
1235 2968 1429 3062 Veritatis,
1457 2986 1676 3057 atemerrta·

265 3079 302 3135 te
329 3086 370 3136 ec
398 3068 545 3163 peceato
570 3069 729 3147 excusari-
756 3095 829 3147 non
855 3071 990 3170 posses
1146 3100 1149 3105 ·
1362 3070 1365 3074 ’
1564 3094 1577 3123 ‘-

520 3274 1348 3409 ··CAP·UTUX:·

263 3486 385 3575 Unde
401 3490 539 3604 persua
557 3523 622 3577 em
646 3496 803 3602 multis,
834 3494 1117 3584 dubitationem
1144 3498 1288 3579 omnem
1318 3490 1367 3576 de
1397 3486 1575 3599 veritate
1592 3488 1675 3600 seu·

257 3604 294 3710 j,
316 3612 683 3716 ,tentiae'Scotrstice
685 3611 889 3721 sublatam
896 3602 1015 3723 fuisse
1037 3681 1044 3697 .
1074 3617 1115 3692 E
1129 3600 1352 3727 condidisset
1365 3609 1569 3719 Hrfpania
1592 3618 1673 3711 qus·

245 3724 270 3795 ’.
322 3721 485 3831 ‚busdam
500 3729 736 3832 Hzflorici'r.⁴
754 3725 817 3808 Ex
833 3731 927 3814 eliis
938 3727 1078 3814 itidem
1090 3739 1342 3816 uronummris
1371 3732 1669 3812 commenticiis.

262 3936 393 4129 Slid
411 3941 518 4054 quei,
543 3939 692 4046 denique
713 3895 880 4046 postules,
907 3897 1050 4026 sadlum¹
1069 3949 1142 4040 est,-
1167 3896 1299 4025 uttam
1324 3952 1430 4024 firmo
1451 3944 1580 4021 assensu
1601 3946 1682 4056 Seo-

353 4039 476 4115 trstrcoe
501 4039 546 4115 de
571 4047 692 4118 Conee
718 4046 815 4122 tione
842 4049 1019 4126 sententiae
1047 4048 1253 4135 adhaeserint
1279 4046 1465 4136 nonnulli,
1493 4067 1603 4146 atque
1632 4067 1681 4116 tn·

263 4159 324 4213 ter
350 4164 409 4215 eos
432 4168 506 4217 non
515 4145 619 4243 pauci
633 4072 795 4223 dositina
806 4151 1030 4249 Theologica
1057 4149 1212 4224 exculti?
1236 4150 1294 4225 Ad
1307 4147 1481 4248 Populum
1500 4143 1603 4313 pund
1631 4158 1683 4213 at·

257 4238 381 4333 -t'inet,
407 4268 479 4318 non
500 4245 546 4319 est
562 4244 642 4322 heic
651 4251 907 4326 numerandum
930 4249 1024 4324 illius
1036 4249 1257 4350 suffragium,
1283 4249 1312 4322 is
1323 4247 1420 4322 enim
1442 4268 1499 4316 cre
1524 4240 1556 4313 it
1578 4237 1676 4338 quod

256 4339 368 4415 audit
391 4394 407 4432 ,.
434 4369 548 4445 neque
575 4350 761 4423 contrarie
788 4350 964 4426 sententiae
992 4350 1104 4424 adhuc
1132 4348 1286 4447 vigentis
1312 4349 1474 4416 rationes
1502 4362 1675 4439 umquam

232 4439 388 4517 aaut.
413 4443 473 4519 De
499 4444 577 4520 unis
601 4471 690 4546 ergo
714 4447 829 4554 dodlis
845 4450 899 4526 ell
924 4449 1162 4545 interrogatio
1183 4494 1198 4529 .,
1229 4446 1364 4557 lterum
1389 4460 1553 4543 repeto,
1580 4436 1674 4588 rprod

1617 4562 1671 4588 PU.
