3554 5384
542 303 673 412 Capul
704 260 940 413 Septimiinr.
1392 327 1419 402 4
1428 324 1449 399 3

157 472 185 527 tt
206 444 404 547 significat,
440 465 544 549 atque
565 473 585 521 a
605 443 735 524 Studio
759 441 954 546 Augustino
979 441 1018 517 in
1043 437 1198 541 Epistola
1215 441 1328 522 OLV.
1352 438 1448 513 olim

166 547 296 624 dicitur
315 571 417 624 verus
434 549 507 621 Dei
523 549 651 629 cultus.
679 546 861 649 Quidquid
879 545 990 646 igitur
1011 542 1163 644 pertinet
1184 541 1228 616 ad
1241 564 1365 616 verum
1375 537 1447 613 Dei

157 672 216 739 tn,
242 646 303 745 qui
320 646 430 721 etiarn
448 643 694 745 compledlitur
717 646 889 721 honorem
909 642 1075 719 ‘debitum
1099 640 1288 742 Deiparae,
1315 637 1450 715 ceteris·

157 744 304 837 itndlis,
330 747 367 821 &
391 746 493 822 rebus
513 746 637 837 saeris,
664 749 764 820 Pium
790 743 885 821 telle
907 744 1130 847 appellatur.
1155 743 1276 817 Pietas
1295 759 1413 814 autem
1437 794 1450 827 ,

157 847 276 937 irtus,
304 848 359 922 seu
385 846 437 922 uti
462 845 595 921 donum
620 845 712 936 Dei,
737 843 794 943 est
811 846 999 921 habitualis
1021 840 1193 944 dispofitio
1217 843 1358 928 anime,
1385 865 1452 936 qna

157 967 210 1026 tte
236 947 366 1020 mobilis
390 944 440 1045 cll
464 972 486 1019 a
509 948 648 1043 Spiritu
672 944 793 1021 sanilo
827 945 872 1019 ad
905 943 1090 1020 habendum
1116 941 1265 1045 filialem
1300 937 1464 1040 affillnm'

157 1051 266 1136 lenm,
291 1065 329 1119 nt
354 1044 400 1119 ad
418 1065 574 1142 patrem,
599 1071 738 1144 eumque
762 1046 952 1138 colendum,
979 1044 1027 1123 (θ’
1051 1041 1259 1132 amandum,
1284 1066 1326 1114 ea
1351 1040 1467 1114 rania-¹*

171 1171 240 1245 qna
265 1144 338 1244 ipse
361 1146 442 1219 vult
466 1171 489 1219 a
513 1148 611 1222 nobis>
631 1149 696 1221 celi
719 1147 768 1225 (9·
791 1151 926 1222 amari.
961 1144 1258 1220 Additamentum
1283 1139 1351 1214 seci
1375 1136 1455 1213 ‘ver-

157 1245 306 1345 lugelici
337 1242 509 1321 Dodloris
539 1271 623 1324 mn.
642 1247 869 1342 Quaest.121.
894 1245 1011 1322 nuic.
1033 1270 1064 1320 1.
1090 1245 1263 1319 Pietatem
1291 1237 1456 1315 definien-

158 1364 289 1446 utpote
307 1345 407 1420 nobis
428 1371 520 1422 nunc
538 1347 788 1424 necessarium.
823 1345 892 1422 Sed
917 1345 1066 1422 sollicite
1098 1339 1456 1419 animadvertendum

172 1471 251 1530 uon
272 1446 526 1526 tantummodo
541 1450 650 1522 Pirnt
666 1444 739 1523 dici
758 1503 770 1541 ,
805 1446 977 1550 quidquid
996 1465 1096 1520 certo
1114 1470 1176 1544 per
1195 1442 1322 1517 Fidem
1349 1438 1458 1514 credi·

158 1543 386 1637 ,sedetiam
413 1601 425 1639 ,
452 1545 549 1648 quod
567 1548 676 1650 probe
701 1548 740 1623 &
765 1546 955 1649 prudenter
989 1543 1235 1621 verisimilibus
1261 1538 1459 1616 rationibus

157 1644 379 1747 iopinarnur
403 1648 541 1748 placere
566 1652 675 1743 Deo,
699 1647 769 1723 stve
794 1644 996 1739 sententiis,
1022 1645 1092 1721 five
1109 1641 1304 1719 allionibus
1320 1638 1476 1728 nostris„

158 1748 220 1818 ntis
245 1745 355 1819 etiam
381 1747 524 1822 nomine
560 1746 760 1846 intelligere
792 1751 964 1848 possumus
998 1744 1201 1847 obsequium
1228 1743 1266 1817 dr
1294 1736 1468 1816 affedlum-

158 1870 226 1921 'um
246 1869 332 1941 erga
349 1848 573 1945 Deiparum,
606 1849 702 1946 cujus
726 1850 900 1923 Veneratio
923 1847 968 1941 8<v
988 1847 1109 1919 Cultus
1129 1867 1256 1917 revera
1278 1840 1321 1914 ad
1347 1839 1459 1939 ipsum

158 1969 189 2016 n
215 1945 387 2033 refertur,
414 1945 560 2020 &inter
581 1951 727 2021 muneri
749 1945 956 2020 Christianae
985 1943 1184 2043 Religionis
1209 1959 1460 2027 enumeratur,

158 2067 189 2114 n·
206 2041 244 2115 in
268 2039 470 2117 sanllisstma
494 2044 557 2140 illa
581 2046 619 2120 &
638 2042 823 2119 benedieti
850 2047 951 2144 supra
977 2069 1100 2119 omnes
1132 2040 1331 2132 mulieres,
1368 2038 1465 2112 dont.
1495 2114 1501 2125 ,

175 2137 356 2230 effusura,
383 2167 488 2242 quam
509 2143 546 2216 in
565 2143 719 2244 reliquos
737 2140 906 2234 Sandlos,
931 2143 1097 2219 venerari
1112 2168 1177 2216 nos
1199 2142 1315 2241 jtl'oeat
1340 2139 1464 2214 Eccle-

166 2259 227 2314 aut
250 2260 391 2335 gratum
408 2240 557 2316 habeat.
583 2248 706 2336 Quum
725 2268 843 2335 vero,
870 2245 1027 2345 utsupra
1054 2241 1207 2332 monui,
1243 2237 1471 2315 Parthenoti·=

168 2338 395 2513 praesenserit,
421 2353 553 2415 temere
577 2347 716 2418 Bonum
740 2348 891 2418 Certum
917 2345 1002 2418 vitae
1029 2343 1148 2419 nossrae
1175 2339 1369 2442 profundi,
1403 2335 1469 2412 nist.

194 2463 290 2512 emus
316 2462 382 2537 pro
406 2441 647 2555 consequendo
672 2468 767 2541 aeque
790 2448 903 2518 Certo
919 2470 970 2518 uc
994 2442 1129 2540 Majori
1160 2446 1293 2534 Bono,
1328 2439 1366 2513 &
1391 2463 1469 2511 rur·

159 2536 469 2634 animadverterit,
494 2539 661 2638 epsmodi
685 2541 951 2617 certitudinem
975 2541 1163 2616 defiderari
1187 2539 1341 2640 possein
1365 2535 1470 2612 Veri·

174 2636 365 2715 ‚Sententiae
392 2639 610 2716 Scotissicae:
645 2666 689 2715 eo
723 2643 869 2718 tandem
885 2641 920 2716 se
947 2640 1116 2738 recepit,
1152 2659 1191 2713 ut
1207 2640 1362 2729 diceret,
1389 2639 1471 2710 Pie·

159 2763 185 2811 tt
202 2739 262 2811 esse
280 2735 367 2812 illud
385 2742 523 2814 Bonum
551 2745 733 2834 Certum,
768 2767 835 2843 pro
854 2769 927 2843 quo
953 2741 1045 2816 Voti
1071 2738 1297 2838 Sanguinarii
1315 2738 1470 2810 fautores

159 2857 203 2951 ‚nt
223 2835 411 2949 licerestbi
437 2840 563 2914 Vitam
588 2862 830 2916 commutare.
856 2842 948 2935 Quis
966 2839 1062 2915 enim
1082 2858 1213 2938 neget,
1239 2839 1324 2937 quin
1342 2839 1411 2910 Pia
1429 2833 1469 2909 srt

159 2965 177 3011 ,r
202 2937 395 3032 sententia,
421 2939 670 3037 quandoPiam
685 2939 889 3016 Alexander
907 2943 990 3016 VII.
1011 2959 1051 3014 ut
1068 2941 1157 3016 elios
1173 2938 1362 3027 omittam,
1389 2959 1470 3011 eam

159 3036 306 3110 ellaviti
340 3038 397 3112 Ad
424 3040 496 3114 ltaec
524 3040 686 3116 venerari
712 3041 935 3142 Virginem,
975 3041 1110 3140 ejusque
1131 3038 1321 3138 privilegia
1337 3034 1378 3112 dt¹
1396 3039 1472 3138 glo·
1502 3044 1504 3048 “

159 3161 172 3210 ι
198 3135 432 3238 depraedictte
459 3161 562 3232 atque
589 3141 713 3232 tueri,
749 3145 896 3216 Pietatis
911 3166 996 3239 opus
1015 3139 1092 3234 est,
1122 3139 1282 3240 illudque
1308 3141 1471 3210 Certum.

159 3260 180 3310 o
205 3261 270 3333 pro
294 3237 360 3312 isto
384 3243 495 3316 Certo
519 3245 619 3315 Bono
640 3240 829 3338 prudenter
854 3241 892 3319 8<
916 3265 999 3312 cum
1024 3237 1129 3313 laude
1157 3233 1313 3335 iugulum
1334 3240 1473 3326 Tyran-

160 3333 337 3415 >seratum
364 3341 480 3430 Certe,
508 3338 623 3439 inquit
643 3339 704 3412 ille
725 3365 805 3438 pag.
824 3359 884 3438 59.
903 3335 1043 3436 facinus
1066 3333 1117 3434 est
1140 3339 1321 3430 opiniones
1344 3357 1474 3427 equare

160 3438 290 3508 tatibus
313 3438 446 3513 fidet.
484 3442 537 3514 At
562 3440 712 3526 Vivens,
749 3455 812 3511 non
824 3457 893 3534 pre
911 3436 1077 3533 Opinione
1095 3489 1116 3525 ,.
1133 3433 1199 3534 sed
1224 3452 1288 3529 pto
1312 3433 1476 3526 Deiparae

160 3553 196 3606 tri
203 3556 396 3611 moneretur.
423 3543 470 3612 Et
490 3564 569 3638 pag.
608 3543 642 3613 8.
669 3539 785 3611 Etiam
804 3537 939 3632 Religio
958 3536 1072 3609 Virtus
1086 3531 1152 3634 est:
1178 3533 1223 3607 all
1239 3530 1474 3626 Religionem,

171 3632 218 3706 ad
251 3635 415 3710 Virtutem
439 3637 519 3712 hnic
546 3666 567 3710 a
630 3664 679 3711 ent
698 3640 711 3736 l
732 3637 817 3711 idest
846 3636 890 3711 ad
915 3635 1126 3733 Pietatem)
1145 3635 1296 3731 pertinet
1319 3632 1479 3725 'Virginis

160 3751 234 3806 tus.
260 3740 306 3808 Et
334 3761 412 3836 pag.
430 3761 487 3833 19.
514 3739 659 3811 Virtutis
683 3760 763 3834 optes
787 3734 865 3837 esl',
900 3739 1071 3832 Wrginm
1094 3755 1134 3810 ut
1157 3760 1180 3807 a
1205 3735 1279 3807 lale
1303 3732 1479 3805 imminent

160 3837 268 3922 erari,
295 3840 377 3932 qnia
396 3841 498 3911 Pium
517 3837 586 3937 est,
613 3836 685 3938 ipso
701 3835 838 3936 fatente
862 3839 1038 3911 Pritanit.
1065 3842 1121 3912 Ita
1147 3835 1230 3928 ille,
1256 3831 1399 3908 unicam
1421 3827 1480 3901 de·

160 3957 197 4013 κ.
214 3934 561 4014 rationemslatuens
586 3937 791 4014 honestandi
815 3936 905 4013 Voti
931 3935 1155 4035 Sanguinarii
1178 3935 1216 4009 in
1246 3928 1480 4034 speciosffimo

160 4031 239 4111 uine
263 4036 473 4131 Religionis,
499 4040 676 4132 Pietatis,
689 4039 1025 4133 CulturDeipnrae.
1049 4043 1176 4138 Neque
1202 4031 1358 4120 dubito,
1393 4027 1482 4129 quin

160 4156 210 4245 up
236 4133 372 4233 aspedlu
397 4136 564 4234 ejusmodi
588 4139 764 4217 tutionem
790 4139 987 4242 complures
1012 4134 1235 4237 acceperint,
1260 4152 1299 4228 ut
1314 4149 1482 4231 aureum,

161 4253 361 4333 ttmumque
387 4238 580 4313 numisma.
595 4235 677 4312 'Sed
702 4238 813 4337 quid,
847 4236 937 4312 fi&
959 4235 1028 4310 hoc
1054 4234 1314 4323 adulterinum,
1342 4229 1484 4323 salsum-

171 4374 184 4422 ,·
209 4332 260 4487 ad³
280 4335 419 4432 lydium
443 4337 598 4438 lapidem
622 4338 768 4440 Logiqae
794 4336 919 4436 vere,
954 4361 995 4410 ac
1020 4334 1113 4433 uerae
1137 4330 1347 4433 Theologiae
1377 4347 1485 4428 agno·

161 4454 255 4518 ΒΜ·
1183 4456 1186 4460 ’

1079 4537 1185 4610 Fu
1437 4526 1597 4600 Et‘
