3606 5400
327 331 383 404 44
701 304 767 386 ‘De
798 303 1066 411 superstitione
1095 298 1306 407 Vitanda,

380 450 428 520 Et
453 447 530 521 sane
557 446 600 522 ad
626 443 693 524 hoc
719 467 757 522 ut
784 446 970 522 hominum
994 444 1171 522 senten'tiae
1197 473 1238 519 ac
1265 466 1370 546 opera
1397 444 1458 519 sint
1495 445 1591 522 allus
1629 473 1728 524 uerae

333 571 375 619 ae
401 571 575 646 germana
601 547 749 624 Pietatis
775 568 881 649 atque
902 546 1075 636 Virtutis,
1101 545 1249 636 debent,
1278 548 1330 620 uti
1351 549 1620 646 prasatussum,
1650 576 1732 624 ver·

332 646 398 720 sari
424 645 463 719 in
486 649 590 721 Cultu
614 673 695 721 vero
720 646 798 721 veri
822 645 924 738 Dei,
950 646 1083 746 ejusque
1110 644 1353 739 Samiorum,
1388 645 1455 718 hoc
1483 648 1529 719 est
1555 648 1727 724 exhibere

332 749 449 840 Deo,
485 772 524 819 ac
543 747 661 821 Beatis
681 747 818 822 civibus
836 747 917 820 coeli
941 748 1090 820 Cultum
1116 746 1219 818 illum
1248 766 1350 846 atque
1377 745 1545 820 honorem
1571 804 1581 838 ,
1614 752 1679 850 qui
1705 776 1727 824 a

330 850 414 920 Deo
438 845 511 944 ipso
536 871 597 945 per
622 845 813 922 Ecclesiam
838 845 1029 947 probetur,
1054 846 1326 946 eiqueplaceat'ss
1352 843 1390 920 Si
1411 846 1506 919 enim
1526 851 1635 940 Deo,
1665 871 1725 925 aut

329 944 538 1039 Caelitibus,
565 947 674 1022 alium
690 947 884 1038 honorem,
912 947 1116 1046 cultumque
1134 946 1362 1037 exhibemus,
1390 945 1449 1044 qui
1478 973 1497 1018 a
1518 950 1601 1020 Deo
1621 949 1727 1022 diser·

216 1131 217 1135 Ἰ
276 1045 279 1050 ’
331 1066 389 1136 te,
415 1043 484 1118 five
508 1047 551 1120 ab
576 1047 729 1122 Ecclesa
752 1047 972 1148 improbetur
983 1073 998 1116 .·
1021 1070 1093 1122 non
1112 1046 1262 1146 amplius
1273 1070 1375 1132 vera,
1402 1045 1456 1119 sed
1474 1047 1588 1145 spuria
1605 1049 1727 1122 ellno·

333 1145 402 1219 stra
419 1148 555 1241 Pietas3
578 1174 690 1247 neque
701 1148 847 1239 Virtus,
874 1146 930 1222 sed
940 1145 1103 1235 Vitium,
1126 1146 1168 1233 dc
1188 1145 1396 1246 quandoque
1414 1148 1726 1222 Peccatumddm·

333 1244 761 1349 pietasinOpinionibus,
789 1246 1028 1361 Operibusque
1040 1245 1162 1320 nollris
1172 1243 1471 1347 deprehendetur.
1496 1247 1738 1322 Notiffimum

332 1344 381 1420 est
402 1346 535 1420 facinus
553 1347 903 1445 Collyridianorum‚
927 1372 988 1447 qur
1007 1346 1135 1420 Maria
1151 1344 1357 1423 sacrificium
1377 1344 1590 1420 offerebant.
1617 1352 1729 1423 Nem·

332 1470 399 1545 pe,
426 1465 464 1520 ut
489 1446 606 1521 scribit
623 1446 768 1522 Sanilus
787 1446 1005 1548 Epiphanius
1033 1442 1163 1520 Haeresr
1192 1449 1288 1522 LIX.
1319 1443 1389 1519 siue
1416 1449 1580 1519 LXXIX.
1607 1448 1724 1520 mulie-

335 1570 387 1618 res
412 1546 562 1643 quaedam
587 1573 718 1620 curram
748 1545 829 1646 five
845 1546 966 1644 sellam
991 1546 1192 1648 quadratam
1215 1545 1445 1634 adornantes,
1482 1572 1521 1618 ac
1547 1547 1652 1620 linteo
1677 1549 1727 1621 de·

328 1644 437 1746 super
459 1644 611 1739 extento,
628 1646 775 1746 solleooi
798 1666 940 1743 tempore
958 1665 1023 1742 per
1048 1648 1178 1743 aliquot
1202 1644 1275 1720 dier
1293 1666 1415 1744 panem
1435 1663 1656 1740 proponunt,
1682 1649 1728 1724 sl

338 1747 377 1817 io
400 1749 534 1820 Mariae-
552 1771 667 1821 tumen
687 1743 857 1847 offerunt.
893 1749 984 1818 Tum
1009 1744 1055 1818 ad
1081 1770 1180 1819 onam
1206 1770 1314 1821 omnes
1337 1746 1396 1817 illo
1420 1742 1631 1844 vescuntur.
1670 1749 1728 1821 Li·

334 1843 445 1942 quido
470 1872 540 1921 non
566 1847 728 1937 constat,
760 1845 797 1918 in
823 1870 893 1946 quo
918 1842 1019 1919 situm
1045 1846 1135 1919 soret
1168 1844 1455 1920 muliercularum
1490 1843 1637 1918 illarum
1672 1844 1727 1920 de·

334 1943 488 2041 litium3
523 1966 681 2020 attamen
716 1954 822 2046 quum
850 1971 896 2018 ex
922 1943 1117 2045 hujusmodi
1152 1942 1291 2020 aslione
1329 1962 1389 2017 aut
1425 1944 1631 2036 constaret,
1670 1966 1728 2021 aut

335 2045 446 2144 probe
472 2046 685 2142 inferretur,
711 2046 790 2120 illas
816 2045 869 2119 uti
889 2048 1009 2119 Deum
1036 2044 1185 2135 habere,
1211 2070 1252 2119 ac
1279 2045 1423 2119 adorare
1449 2045 1631 2119 Mariam:
1657 2070 1731 2145 pro·

336 2164 458 2244 pterea
483 2145 700 2246 Epiphanius
725 2146 764 2218 in
790 2169 847 2220 eas
872 2144 1078 2241 invehitur,
1106 2156 1297 2246 earumque
1323 2143 1484 2217 llolidam
1511 2167 1571 2218 aut
1582 2144 1730 2245 impiam

336 2244 557 2318 oblationem
582 2247 811 2336 exsecratur,
847 2243 886 2318 in
910 2244 983 2319 haee
1023 2244 1167 2318 tandem
1193 2244 1313 2336 verba¹
1332 2240 1512 2318 desinens:
1547 2249 1674 2318 Maria
1694 2248 1731 2318 io

338 2337 458 2417 bonore
476 2341 526 2442 fit
544 2372 567 2433 ;
598 2348 765 2420 Dominus
789 2343 968 2417 adoretur.
1005 2343 1108 2433 Pium
1141 2368 1229 2443 opus
1254 2345 1286 2417 se
1310 2367 1507 2445 peragere,
1541 2363 1581 2417 ut
1607 2366 1729 2444 puto,

339 2442 600 2519 arbitrabantur
624 2445 789 2519 mulieres
809 2443 896 2518 illae:
922 2464 959 2518 at
986 2444 1068 2544 quia
1093 2468 1179 2542 opus
1204 2441 1293 2517 illud
1319 2469 1339 2516 a
1363 2446 1446 2524 Deo
1468 2442 1622 2519 minime
1653 2470 1731 2545 pro·

341 2541 513 2636 babatur,
550 2542 610 2618 etsr
647 2542 789 2619 affectus
824 2544 932 2617 bonus
967 2543 1111 2617 fortassis
1136 2562 1243 2634 erat,
1279 2539 1376 2623 aerio
1409 2563 1530 2618 tamen
1557 2569 1630 2617 non
1650 2545 1730 2633 Pia,

339 2641 395 2717 sed
432 2645 546 2743 Impia
584 2644 794 2720 evadebat.
837 2648 959 2737 Quare
994 2669 1117 2719 omnes
1152 2643 1389 2746 intelligunt,
1425 2641 1732 2718 Parthenotimum

340 2742 437 2817 nihil.
467 2770 532 2844 pro
566 2747 758 2821 suacaussa
782 2769 909 2842 agere,
937 2770 1044 2844 quum
1070 2745 1177 2823 licere
1203 2743 1281 2836 ait,
1318 2768 1360 2815 ac
1383 2741 1488 2818 laude
1515 2744 1664 2843 dignum
1686 2735 1733 2817 es

341 2843 407 2933 se,
448 2865 603 2918 mortem
637 2864 805 2944 oppetere
837 2868 901 2942 pro
935 2842 1067 2916 tuenda
1102 2843 1271 2920 sententia
1302 2841 1486 2917 Scotistica
1520 2842 1563 2916 de
1601 2848 1733 2918 Conce-

340 2942 463 3042 ptione
497 2943 688 3039 Virginis,
732 2942 817 3054 quia
851 2940 940 3015 illud
975 2941 1022 3015 est
1052 2941 1146 3017 mori
1180 2966 1247 3043 pro
1279 2945 1448 3034 Pietate,
1489 2968 1555 3042 pro
1590 2945 1732 3033 Culta,

333 3061 402 3137 pro
432 3043 648 3115 [feneratione
679 3045 877 3141 Derparae.
911 3040 1040 3115 Adhuc
1078 3042 1174 3116 enim
1200 3040 1449 3145 inquirendum
1485 3063 1592 3143 atque
1629 3044 1734 3118 oslen-

338 3137 495 3216 dendum
519 3139 654 3234 restat,
686 3163 773 3216 num
808 3165 872 3239 pro
905 3140 968 3216 illa
998 3140 1168 3216 sententia
1202 3141 1296 3217 mori
1331 3141 1371 3216 sit
1403 3153 1509 3216 verus
1539 3142 1669 3217 Cultus
1695 3167 1731 3215 ac

343 3239 539 3314 Veneratio
574 3241 735 3332 Maria,
769 3239 838 3314 hoc
875 3239 953 3335 est,
989 3267 1036 3317 an
1068 3248 1167 3342 Opus
1198 3240 1238 3320 srt
1271 3265 1294 3315 a
1322 3244 1413 3315 Deo·
1439 3266 1504 3341 per
1541 3241 1732 3321 Ecclesiam

336 3339 561 3440 probatum,
596 3363 639 3415 ae
671 3344 756 3417 Deo
784 3360 960 3446 gratum.
994 3340 1088 3416 Heic
1113 3341 1275 3432 rhodus,
1311 3340 1391 3414 heic
1415 3340 1546 3416 saltus.
1582 3341 1733 3416 Certissi-

261 3517 264 3526 ,
343 3464 444 3515 mum
477 3437 605 3541 quippe
630 3440 709 3533 est,
744 3437 895 3542 spellare
920 3442 965 3517 ad
990 3441 1221 3541 Religionem
1245 3441 1471 3515 Catholicam
1483 3440 1634 3515 Cultum
1648 3444 1732 3514 Bea-

340 3537 474 3614 tissrmae
505 3539 638 3616 Matris
669 3540 776 3634 Dei3
809 3559 847 3615 at
881 3539 1031 3616 minime
1065 3548 1215 3620 Certum
1248 3540 1327 3634 est,
1359 3565 1588 3642 quacumque
1615 3539 1732 3613 homi·

312 3730 317 3739 ‚
343 3645 406 3714 nes
441 3639 616 3730 sentiunt,
640 3662 702 3724 aut
729 3658 836 3739 agunt
861 3664 925 3740 pro
949 3641 1048 3723 illius
1071 3642 1182 3718 Cultu
1208 3666 1250 3716 ac
1276 3641 1431 3734 honore,
1458 3641 1598 3740 placere
1629 3644 1731 3728 Deo,

343 3760 388 3811 ac
420 3736 563 3836 Virgini
599 3736 695 3837 ipss,
726 3743 840 3839 quum'
871 3740 983 3817 multa
1017 3765 1157 3841 quoque
1186 3739 1286 3830 smt,
1328 3766 1403 3842 quae
1430 3737 1630 3814 Christiani
1666 3741 1731 3813 sen·

341 3835 447 3928 sere,
482 3836 673 3936 scripsere,
708 3857 770 3912 aut
803 3862 937 3936 egere,
981 3839 1225 3955 persuadentes
1259 3838 1356 3932 fibi,
1398 3840 1431 3916 se
1466 3841 1642 3914 honorem
1677 3838 1732 3910 de·

346 3934 440 4009 serre
475 3934 544 4009 Vir
569 3935 662 4033 ini3
700 3936 742 4014 dc
774 3935 1008 4013 nihilominus
1042 3957 1104 4016 aut
1139 3940 1344 4018 temeritate
1379 3964 1421 4013 ac
1456 3937 1733 4039 imprudentia,

343 4052 407 4109 aut
440 3964 710 4137 supersistere,
744 4057 806 4113 aut
843 4037 1029 4138 impietate
1061 4064 1135 4117 non
1155 4058 1346 4118 censerunt
1377 4063 1504 4113 eorum
1539 4036 1735 4138 opiniones

345 4152 451 4235 atque
487 4161 629 4236 opera.
661 4134 757 4212 Vide
788 4136 970 4234 Dr'ptycla
1002 4142 1200 4234 Matiana,
1235 4139 1327 4214 mihi
1359 4141 1493 4238 semper
1527 4135 1735 4225 laudanda,

339 4232 539 4332 Theophili
567 4213 757 4331 Raynaucli
792 4262 813 4311 e
844 4236 1024 4312 roseae
1056 4239 1163 4324 rea.
1194 4239 1334 4329 seuera
1369 4237 1522 4312 nimiam
1541 4239 1663 4311 forent
1682 4234 1737 4306 ue-

341 4331 535 4408 liramenta
568 4334 694 4410 omnia
727 4334 765 4409 in
789 4335 992 4436 Religionis
1017 4339 1192 4437 negotio,
1229 4337 1255 4412 st
1279 4338 1329 4412 eis
1352 4363 1417 4438 per
1441 4348 1602 4438 portam,
1631 4355 1737 4437 quam

341 4432 453 4511 nimis
487 4434 644 4539 amplam
675 4435 964 4525 Parthenutimue
995 4438 1163 4541 aperuit,
1205 4438 1243 4516 in
1275 4438 1468 4514 sacrarium
1503 4435 1656 4514 Pietatis
1690 4434 1748 4506 in·

315 4564 347 4581 ·’
1667 4557 1748 4639 gre·
