3554 5384
680 309 814 417 Caput
843 306 1104 416 Septimum.
1518 323 1573 401 43

176 452 281 549 gredi
305 452 453 527 liceret.
487 454 538 524 At
572 448 652 524 heic
687 447 825 524 Siculus
858 445 1094 546 ingeminet:
1130 444 1259 518 Nonne
1290 438 1328 516 δε
1354 459 1392 514 tu
1418 435 1575 534 suteris,

181 557 286 627 Pium
310 553 374 624 effe
410 545 600 649 amplesli‚
640 547 797 636 docere,
834 572 876 621 ac
906 545 1001 621 tueri
1035 541 1242 620 seutentiam
1274 539 1520 616 excludentem
1556 562 1580 611 a

184 652 337 750 Virgine
358 651 477 735 labem
503 646 750 748 originalem?
773 645 930 748 Utique,
954 645 993 720 8(
1017 644 1139 721 lubens
1162 661 1313 742 repeto.
1337 644 1437 739 Ergo
1460 635 1581 714 subdet

185 749 272 842 ille,
299 751 399 823 Pium
424 774 593 850 quoque,
629 746 840 823 &Pietatis
864 772 955 846 opus
981 745 1076 837 erit,
1109 741 1236 819 Vitam
1262 766 1328 843 pto
1350 739 1422 839 ejus
1447 739 1584 815 senten·

188 852 249 926 tiae
273 848 385 925 tutela
409 846 634 946 impendere.
658 847 955 948 Consequentiam
978 869 1092 945 nego,
1116 842 1156 919 bt
1181 841 1274 917 addo
1292 869 1308 912 .·
1332 843 1451 917 Immo
1475 837 1584 914 scelus

190 949 282 1040 erit,
308 949 345 1022 dc
372 973 393 1021 a
416 951 550 1023 Pietate
576 947 762 1039 alienum,
794 967 899 1047 atque
925 944 1016 1020 adeo
1041 942 1246 1045 imprudens
1271 941 1434 1032 facinus,
1468 935 1586 1014 simul·

190 1075 257 1155 que
283 1053 491 1137 Peccatum,
516 1047 692 1146 Sanguine
716 1048 777 1122 suo
802 1044 965 1123 eamdem
991 1069 1213 1147 propugnare
1237 1040 1464 1118 sententiam.

243 1146 610 1222 Animadvertendum
645 1146 773 1248 quippe
808 1146 888 1238 ell,
923 1169 1108 1224 occurrere
1142 1143 1222 1219 heic
1257 1140 1343 1218 duas
1373 1137 1591 1235 Quaestiones

194 1251 287 1327 inter
310 1249 342 1322 se
367 1248 471 1348 plane
495 1247 680 1323 diversas.
714 1243 869 1340 Prima,
898 1270 946 1321 nn
968 1249 1071 1321 Pium
1091 1241 1140 1344 fit
1164 1245 1255 1319 tueri
1276 1268 1368 1318 uoce.
1382 1243 1431 1321 δ’
1448 1239 1608 1341 scriptis.

190 1349 392 1450 sententiam
426 1347 469 1422 de
500 1350 718 1422 Inmunitnte
748 1347 919 1443 Wrgr'nt‘s.
944 1347 1100 1441 Altera,
1125 1369 1171 1424 an
1195 1346 1297 1418 Piens
1330 1340 1410 1444 fit,
1444 1338 1593 1414 eundern

195 1450 370 1542 Sanguine
393 1450 496 1521 etiarn
519 1446 568 1523 (P
591 1450 673 1525 Wta
694 1449 816 1523 tueri.
850 1446 970 1521 Prima
996 1442 1209 1520 affirmative
1235 1443 1408 1532 resoluta,
1433 1437 1501 1514 fine
1528 1437 1591 1514 du·

197 1548 370 1622 bitatione
395 1552 507 1622 Certa
532 1545 580 1622 est
604 1546 696 1648 apud
730 1572 854 1627 omnes
886 1546 1125 1638 Catholicos,
1156 1545 1299 1621 firmata
1331 1540 1499 1618 nimirum
1532 1537 1596 1613 sus·

194 1648 314 1746 sragio
349 1647 558 1748 Apostolicae
593 1648 711 1738 Sedis,
738 1674 779 1723 ea
803 1668 925 1723 tamen
949 1645 1187 1739 conditione,
1221 1664 1262 1721 ut
1286 1668 1367 1718 eam
1394 1661 1596 1742 tueamur,

195 1773 271 1821 non
306 1746 361 1820 uti
400 1746 488 1821 Fide
521 1746 645 1822 divina
679 1747 920 1840 credendam,
954 1746 1009 1822 sed
1046 1746 1100 1823 uti
1135 1745 1358 1822 Probabilem
1394 1766 1435 1816 ac
1462 1739 1594 1816 Piam·
1628 1759 1631 1764 ’
1768 1759 1771 1763 ’

196 1847 328 1921 Altera
359 1846 525 1944 negative
558 1844 766 1921 resolvenda
791 1847 875 1922 cll:
910 1846 1103 1924 nonenim
1139 1847 1251 1921 ullum
1283 1839 1443 1920 Ecclesrae
1479 1836 1597 1915 suffra·

192 1945 305 2043 gium
327 1970 393 2043 pro
418 1970 461 2016 ea
487 1944 615 2017 adferri
641 1946 781 2044 potesl3
814 1971 926 2046 neque
952 1946 1025 2020 haec
1056 1971 1138 2020 eum
1173 1943 1357 2044 superiore.
1383 1938 1595 2017 confunden-

192 2046 248 2117 da
275 2043 353 2134 est3
384 2042 422 2116 ἃ
448 2067 628 2142 perperam
652 2046 762 2118 fluere
789 2044 851 2118 illa
876 2044 1033 2120 creditur
1057 2070 1103 2124 ex
1128 2045 1274 2120 altera.
1308 2047 1408 2124 Nam
1433 2038 1596 2116 inillam

162 2210 163 2237 ἶ
195 2140 485 2239 Propofitionem
511 2167 645 2217 novum
682 2141 891 2242 subjedlum
919 2164 1023 2246 atque
1047 2143 1134 2218 illud
1161 2143 1361 2236 illicitum,
1390 2140 1598 2231 confertur,

198 2268 265 2343 per
291 2240 386 2340 quod
412 2240 559 2315 omnino
583 2240 796 2322 immutatur
830 2243 997 2324 innocens
1031 2268 1073 2319 ac
1108 2244 1250 2320 honesta
1285 2241 1436 2346 qualitas
1470 2238 1599 2343 prioris

206 2337 483 2438 Proposrtionis.
518 2339 704 2416 Nimirum
739 2342 841 2418 Pium
866 2342 1117 2420 &innoxium
1152 2345 1229 2436 ell,
1265 2369 1420 2445 pugnare
1448 2340 1605 2417 voce&

200 2438 339 2538 scriptis
373 2464 438 2536 pro
472 2439 644 2519 sententia
679 2441 895 2534 Scotistica,
930 2443 1014 2544 quia
1048 2443 1131 2533 telle
1158 2448 1322 2519 Romana
1347 2440 1500 2518 Ecclesia
1518 2466 1603 2517 non·

208 2539 291 2613 dum
327 2539 490 2628 conflat,
525 2564 571 2615 an
597 2540 720 2617 eadem
756 2541 959 2619 adversetur
993 2544 1180 2644 Scriptura
1213 2547 1358 2633 Sacrae,
1396 2541 1511 2618 immo
1544 2566 1603 2619 co·

209 2639 337 2714 harere
364 2663 446 2712 cum
472 2662 512 2712 ea
538 2641 627 2739 posse
665 2640 832 2717 videtur:
862 2641 1072 2744 licitumque
1107 2666 1291 2745 propterea
1327 2640 1373 2716 ell
1409 2667 1449 2714 ac
1486 2637 1603 2715 lauda·

160 2786 169 2797 ·
210 2738 315 2831 bile,
349 2757 468 2812 tenere
494 2737 660 2834 interea,
695 2767 735 2814 ac
761 2739 887 2819 docere
913 2740 999 2843 (uti
1025 2745 1064 2819 fit
1091 2742 1129 2817 in
1154 2763 1209 2818 tot
1236 2742 1316 2818 aliis
1347 2739 1604 2834 Qtraellionibus

212 2836 438 2934 Theologicis
468 2837 480 2934 )
516 2839 609 2938 quod
644 2840 879 2917 Verifimilius
913 2868 954 2917 ac
989 2842 1208 2918 Probabilius
1240 2839 1427 2932 creditur,
1465 2838 1604 2941 quando

208 2936 473 3017 certafVeritas
499 2937 613 3014 adhue
640 2941 794 3018 obtineri
832 2966 904 3017 non
918 2942 1071 3118 epotest.
1107 2943 1259 3018 Nullum
1294 2966 1382 3018 vero
1412 2939 1494 3018 inde
1531 2964 1606 3016 ma·

212 3056 272 3112 nat
308 3037 575 3114 incommodum
608 3039 649 3114 in
684 3040 845 3117 Ecclesia
870 3044 917 3117 do
953 3043 1107 3139 rinam,
1141 3044 1277 3119 nullum
1315 3041 1352 3119 in
1387 3039 1604 3142 Reipublicoe

211 3137 506 3248 tranquillitatem
531 3165 579 3220 ac
613 3140 805 3239 regimen,
838 3142 935 3218 sicuti
967 3170 1009 3216 ne
1037 3167 1078 3215 ue
1114 3163 1235 3219 manat
1261 3167 1280 3217 e
1306 3163 1361 3219 tot
1388 3141 1465 3220 aliis
1500 3145 1606 3236 Quoe·

211 3234 380 3347 {sionibus
405 3237 693 3350 &Qupdlibetis
717 3244 731 3339 (
757 3261 795 3317 ut
823 3170 1034 3342 appellanti
1068 3267 1144 3341 quae
1171 3269 1192 3315 a
1218 3242 1341 3317 multis
1373 3241 1508 3317 Seculia
1535 3241 1607 3413 api·

213 3353 333 3408 tantur
358 3361 396 3408 rn
420 3337 590 3412 Schohs.
624 3345 676 3414 At
703 3340 849 3414 alterius
875 3343 977 3440 plane
1004 3339 1142 3437 generis
1167 3339 1215 3414 ell
1249 3340 1361 3414 tutela
1396 3342 1557 3414 Immacu
1573 3365 1607 3414 a·

212 3453 258 3508 tae
282 3436 567 3535 Conceptionis,
601 3439 744 3550 quando
768 3464 850 3513 earn
875 3438 932 3513 vis
957 3437 1135 3535 Sanguine
1160 3463 1200 3512 ar
1227 3440 1350 3512 Morte
1384 3456 1447 3514 tua
1481 3462 1522 3538 pr
1548 3463 1610 3539 pu·

215 3558 355 3630 gnare.
391 3535 537 3609 Etenim
582 3541 685 3611 Prum
720 3562 794 3612 non
839 3538 917 3623 est,
960 3537 1075 3613 immo
1111 3536 1158 3611 est
1192 3535 1382 3637 Impium‚
1418 3463 1606 3712 prodqlere

214 3636 352 3715 Bonum
380 3639 533 3709 Certum
568 3662 609 3709 ac
634 3637 824 3736 pretiosum
848 3637 944 3712 Vitae
968 3637 1090 3712 nostra
1115 3662 1180 3739 pro
1215 3636 1428 3740 Opinione,
1464 3635 1497 3712 se
1545 3661 1635 3738 pro,

216 3733 317 3807 B0n0
341 3737 484 3809 Incerto
507 3760 551 3808 ac
574 3737 735 3828 Minori,
760 3764 870 3839 quam
896 3738 968 3838 ipsa
985 3736 1114 3814 1Vita.
1149 3735 1251 3814 Pium
1277 3736 1358 3834 est,
1392 3763 1443 3814 ac
1457 3735 1612 3813 Virtutis

219 3857 342 3931 opus,
375 3855 414 3908 ut
449 3835 615 3933 exemplo
650 3856 733 3911 utar
752 3865 820 3929 ‚e
855 3837 1006 3941 propriis
1038 3837 1192 3915 fortunis
1227 3837 1498 3935 Eleemosynam
1532 3835 1613 4015 pro·

217 3951 298 4030 pter
331 3933 406 4008 Dei
441 3957 603 4008 amorem
632 3937 844 4038 pauperibus
877 3939 1071 4039 praebere.
1115 3943 1255 4015 Contra
1283 3936 1403 4017 definit
1436 3940 1499 4014 else
1565 3936 1616 4013 ie·

216 4048 302 4121 tas,
337 4057 382 4108 ac
405 4035 526 4108 Scelus
548 4034 704 4127 evadit,
739 4038 1007 4135 Eleemosynam
1039 4039 1203 4116 conferre
1237 4038 1338 4139 inopi
1363 4063 1383 4114 e
1408 4037 1511 4116 bonis
1543 4060 1616 4116 nott

222 4129 376 4222 nostris5
404 4159 530 4215 eorum
563 4134 713 4210 domino
743 4136 894 4215 minime
919 4139 1181 4217 consentiente.
1214 4139 1314 4234 Quia
1348 4164 1421 4216 non
1452 4138 1528 4215 sunt
1565 4136 1620 4212 fa·

222 4229 348 4304 cienda
382 4233 517 4320 Mala,
557 4253 599 4311 ut
631 4234 801 4330 eveniant
830 4242 955 4334 Bona;
988 4260 1108 4340 neque
1135 4239 1220 4315 licet
1255 4241 1398 4332 furari,
1440 4259 1483 4316 ut
1516 4238 1620 4315 Eleu

218 4331 405 4424 mosynam
439 4331 612 4409 faciamus
640 4368 657 4414 .·
695 4336 798 4412 Pium
833 4338 917 4428 cll,
957 4339 1132 4414 sacratum
1170 4337 1436 4442 Reliquiarum.
1453 4336 1619 4441 postffiO‘

195 4451 307 4521 anem
341 4431 405 4508 libi
439 4457 672 4543 procurare.
711 4441 764 4514 At
794 4459 857 4531 eas
888 4437 990 4514 dolo.
1005 4455 1073 4515 atu
1095 4437 1137 4518 vi
1161 4438 1249 4516 aliis
1290 4438 1428 4545 eripere
1468 4437 1487 4543 l
1519 4431 1617 4612 ‹1¹de

200 4585 215 4600 .
238 4588 240 4592 s
1523 4557 1551 4616 0
1576 4555 1618 4612 n
