3554 5384
476 338 602 452 ensari
625 341 782 462 poffit,
821 371 964 465 negans
994 342 1194 458 Christum
1232 344 1273 426 F
1275 338 1388 427 ilium
1426 335 1645 425 naturalem
1673 339 1758 425 Dei

474 464 545 541 An
577 487 669 545 ante
685 456 803 548 Eccle
824 497 866 548 re
896 463 1162 578 definitionem
1194 462 1344 546 credere
1363 461 1534 573 quedam
1551 454 1672 557 liceat
1690 459 1767 574 spe

434 626 439 633 ·
475 577 579 659 ctare
611 578 662 662 ad
690 580 833 664 Fidem
864 584 1079 666 Divinam.
1146 582 1239 688 148.

414 691 555 778 CAP.
589 697 720 780 XXI.
766 693 1031 783 Cavillatoris
1061 723 1154 781 nota
1182 696 1363 780 Pritanio
1395 719 1599 812 perperam
1630 728 1655 775 a
1683 699 1767 806 Pae

449 807 690 895 ·tbenotimo
722 814 871 928 inusta.
903 815 1155 1013 lupuisttioni
1174 813 1402 929 'Hispanice
1433 846 1483 895 an
1507 814 1608 923 juste
1626 810 1777 894 tribut

475 925 523 1010 ab
553 927 632 1046 ipso
662 931 835 1042 quedam
864 931 954 1046 Insa
972 925 1176 1018 labilitatis
1196 929 1366 1049 species.
1397 923 1501 1016 Alia
1529 928 1765 1012 Parthenoti

430 1098 434 1105 -
471 1043 1020 1162 'mi'eavillat'iones.'159.
1066 1070 1069 1077 '
1154 1072 1157 1077 “
1287 1086 1290 1092 ’
1510 1140 1514 1145 ,

410 1160 557 1246 CAP.
590 1167 747 1249 XXII.
789 1165 975 1278 Consum
1006 1199 1031 1249 a
1058 1162 1352 1250 Pannoniam
1384 1163 1582 1274 somniate
1620 1165 1664 1244 in
1704 1166 1776 1246 La-

451 1278 601 1363 ‘minda’
627 1282 808 1393 censura.
839 1289 905 1367 Nu
924 1278 1008 1366 lum
1038 1283 1291 1366 Heterodoxis
1321 1313 1369 1363 ex
1398 1313 1444 1362 ea
1474 1280 1632 1391 censura
1662 1281 1774 1362 mini·

438 1470 440 1474 .
463 1395 589 1510 strari
613 1397 726 1515 poffe
745 1395 1000 1511 scandalum,
1030 1398 1105 1512 fied
1133 1399 1341 1510 quideme
1371 1401 1464 1480 Voto
1494 1398 1773 1513 Sanguinario.

469 1517 611 1626 Neque
639 1517 853 1601 Lamindns
881 1512 1060 1602 Doliores
1083 1509 1336 1622 catholicos,
1369 1508 1637 1630 Tbeologosve
1664 1513 1775 1596 Sebo-

471 1621 626 1741 lastieos
653 1634 847 1718 traducit.
913 1641 1005 1744 164.
1177 1630 1184 1639 ’
1656 1698 1659 1703 -
1708 1676 1717 1707 ’-

411 1746 555 1831 CAP.
587 1752 771 1835 XXIII.
815 1747 1098 1868 Tbeologorum
1130 1750 1335 1836 aubloritas
1365 1748 1629 1855 commendata
1647 1770 1682 1853 ‚j
1700 1743 1775 1859 Sed

469 1897 549 1950 non
575 1897 706 1952 omnes
737 1871 833 1953 certi
863 1871 915 1954 ad
945 1871 1159 1952 Veritatem
1198 1868 1339 1952 duces.
1380 1867 1498 1992 „Quid
1535 1871 1658 1967 Amor
1698 1869 1776 1946 Fa·

459 1985 629 2093 ·lliortis,
661 1985 758 2098 quid
775 1991 899 2070 Amor
914 1987 1120 2072 Novitatis
1140 1985 1279 2083 audere
1299 1978 1452 2096 soleat.
1483 1979 1633 2068 Excedi
1654 1983 1773 2089 etiam

464 2098 639 2216 possein
659 2095 892 2187 extollendis
908 2106 1089 2221 Deipare
1146 2102 1408 2218 terogativis.
1438 2098 1559 2186 Immo
1589 2131 1636 2182 ea
1654 2101 1773 2182 etiam

469 2217 581 2327 viam
613 2220 656 2302 in
684 2225 867 2304 Errorem
897 2251 943 2302 ao
970 2226 1080 2305 Here
1102 2251 1155 2305 rm
1172 2221 1308 2303 Pietas
1338 2220 1600 2335 intemperans
1619 2215 1677 2313 ,δ’
1687 2240 1775 2332 per·

371 2426 375 2433 ,
470 2335 591 2415 vicari
614 2331 769 2451 prolabi
793 2338 943 2454 potest.-
1009 2364 1101 2447 172.
1218 2415 1224 2429 ,
1312 2436 1316 2442 .
1431 2430 1454 2441 ι,
1554 2436 1557 2441 ,

410 2448 498 2534 CA
507 2454 550 2533 P.
572 2455 761 2537 XXIV.
801 2457 942 2564 DEBl
941 2456 1076 2537 TUM
1096 2456 1256 2537 Peccati
1284 2448 1501 2570 Originalis
1521 2457 1675 2559 Veteres
1700 2466 1775 2532 om·

422 2637 427 2648 .
471 2574 538 2650 nes
569 2568 611 2650 in
643 2572 802 2687 Virgine
833 2603 1047 2688 agnovere.
1078 2571 1252 2695 Quando
1284 2603 1336 2654 coe
1363 2597 1408 2654 ta
1439 2571 1495 2681 esl
1509 2569 1630 2655 tribui
1650 2567 1773 2650 eidem

425 2750 430 2761 ,
469 2682 518 2767 ab
548 2684 629 2802 ipso
657 2690 907 2774 Immunitas.
939 2692 1104 2772 Petrum
1133 2688 1190 2785 (Τ,
1217 2595 1501 2802 Theolbgorum
1531 2686 1663 2770 eborus
1695 2700 1762 2768 con

472 2832 551 2884 cors
581 2802 790 2914 adversans
820 2802 1036 2913 hujusmodi
1057 2804 1310 2913 sententie.¹
1349 2831 1466 2915 ’179ιρ
1596 2839 1599 2843 ·
1636 2900 1640 2906 1

411 2918 552 3000 CAP.
583 2921 735 3005 XXV.
774 2920 980 3002 Sententia
1018 2913 1305 3027 excludentium
1343 2921 1528 3032 Debitum
1559 2918 1772 3034 aVirgr'n

450 3033 646 3121 ,concordi
688 3030 925 3119 Traditione
962 3040 1129 3119 Parrum
1153 3035 1333 3149 eversa.
1374 3043 1421 3120 A
1448 3036 1775 3153 prestantioribu

389 3205 426 3227 .-
471 3144 686 3266 Theologis
716 3151 953 3270 improbata.
983 3146 1249 3238 Nihilominus
1280 3145 1500 3264 Cusentina
1528 3155 1692 3257 Civitas
1713 3153 1767 3235 ad

416 3322 423 3333 ·
470 3263 586 3351 dulia
612 3265 667 3356 ad
697 3272 835 3352 Votum
864 3269 1090 3355 detuenda
1117 3270 1314 3388 Sanguine
1334 3269 1406 3383 suo
1437 3271 1607 3354 eamdem
1634 3268 1777 3352 Debit

462 3377 758 3619 ⁸eipsclustonem.
797 3392 863 3472 Eu
900 3387 970 3474 bos
1007 3391 1210 3478 temerario
1252 3393 1380 3496 Veto,
1426 3419 1507 3501 quae
1548 3385 1754 3498 consellari

503 3530 620 3588 nant.
686 3532 780 3616 203.
880 3533 883 3540 ’
1254 3544 1257 3549 ·

409 3619 551 3707 CAP.
583 3624 765 3707 XXVI.
785 3621 891 3720 -'Cnr
917 3628 1126 3730 Pritanius
1139 3649 1142 3655 '
1154 3622 1212 3709 in'
1229 3625 1324 3708 Voto
1352 3623 1609 3741 Sanguinario
1623 3726 1625 3731 Ι
1639 3626 1744 3739 Supe

460 3736 664 3849 stitionem
694 3740 895 3824 timuerit.
935 3746 1053 3860 Qld
1074 3744 1136 3856 stt
1159 3743 1414 3856 Superstitio.
1446 3740 1511 3850 Ab
1540 3740 1614 3850 isla
1639 3769 1765 3852 canen

468 3851 562 3944 dum
594 3856 791 3971 precipue
825 3859 927 3940 viris
966 3860 1113 3943 doctis.
1139 3860 1265 3958 ¹Ejus·
1278 3857 1406 3970 facies
1448 3857 1675 3959 innonitio
1701 3856 1773 3967 iJl

417 4034 427 4055 .
448 3982 452 3989 '
470 3974 566 4061 Veto
581 3969 840 4089 {deprebensa
859 4032 870 4058 .
889 3999 892 4003 ’
909 3977 1028 4099 Qld
1063 3976 1354 4072 Panormitanis
1393 3971 1561 4059 Civibus
1591 3975 1635 4057 in
1648 3972 1777 4058 aaa

416 4126 424 4141 ’
470 4106 627 4213 negotio
651 4091 891 4207 ,agendum
934 4121 1038 4198 210.
1539 4129 1560 4136 ··
