3554 5384
143 2550 146 2555 ¹
182 2554 187 2562 a

185 323 265 418 176
471 266 473 271 v
548 311 613 392 De
643 308 912 425 superstitione
944 281 1147 412 Vitanda,

178 457 253 539 Jcsu
279 454 316 529 in
341 445 512 529 Fundam.
526 451 672 527 Theolo
698 508 706 525 .
729 453 863 526 Moral.
891 452 1030 526 Dissert.
1050 453 1200 525 L'num.
1222 472 1281 547 33.
1302 449 1372 524 ubi
1399 434 1553 543 scribit-3!

176 560 237 628 'Ex
264 557 363 628 niuis
388 552 538 654 inferes,
575 579 638 625 non
681 577 773 625 acere
798 555 992 648 Opinionem
1018 551 1226 624 Probabiiem
1253 548 1423 625 Antbores
1447 551 1554 649 ilios,

178 657 241 751 'qni
265 657 323 727 uel
341 681 380 727 ex
398 650 556 754 defiderio
570 653 731 749 placendi
747 650 958 746 bominibus,
983 653 1044 723 vel
1061 676 1100 723 ex
1115 671 1228 745 pravo
1259 647 1381 747 affesin
1404 651 1557 751 faciendi
1578 674 1581 681 '

174 750 245 853 fibi
271 779 415 844 nornen,
452 752 726 829 &inveniendi
754 753 935 825 Seiintores
955 780 977 840 ,·
1011 750 1071 822 vei
1093 750 1168 849 fine
1184 747 1372 848 sufficienti
1402 755 1555 847 Studio,

178 855 281 925 'nimis
292 875 432 950 propere
453 848 575 952 sennnt
583 851 781 942 judicium,
808 851 956 924 docentes
983 849 1048 950 effe
1078 850 1208 922 licitam
1233 851 1426 941 nilionem,
1466 881 1558 952 quam

179 953 335 1026 illicitam
364 951 428 1054 effe
458 949 665 1052 docnrffent,
687 948 721 1049 st
748 977 787 1024 ex
817 953 1081 1024 SIN'CERO
1106 953 1462 1026 DESIDERIO
1486 959 1560 1028 IN·

179 1055 217 1125 V
217 1057 249 1127 E
260 1055 326 1127 NI
333 1058 413 1127 EN
420 1055 491 1127 DI
512 1055 547 1126 V
551 1055 660 1128 ERI
664 1054 750 1126 TA
756 1055 890 1124 ΤΕΜ
911 1050 1090 1145 diligenter
1114 1047 1337 1150 incnbmffent
1362 1052 1467 1124 'iliius
1494 1060 1560 1126 εἰῇ·

179 1151 348 1250 troverfiae
359 1153 505 1252 steedio,
532 1153 580 1228 (Y
602 1179 666 1227 non
691 1151 887 1226 ducerentur
912 1156 951 1225 A
958 1152 1021 1224 LI
1026 1156 1066 1251 2
1070 1154 1106 1224 U
1116 1157 1145 1224 0
1170 1155 1194 1222 I
1199 1154 1240 1223 N
1246 1151 1401 1226 ORDI
1408 1156 1559 1228 NATO

177 1257 489 1328 AFFECTU.
768 1282 771 1287 ·
940 1259 941 1264 ’
1019 1284 1022 1289 “
1203 1284 1209 1295 ·
1366 1292 1368 1297 ·
1442 1278 1464 1289 ⁴·
1551 1264 1557 1293 ²

172 1357 184 1451 j
229 1361 354 1456 Neque
381 1355 459 1430 heic
487 1354 513 1427 ii
541 1354 629 1428 mihi
656 1356 861 1460 culpantur,
890 1353 1004 1429 immo
1029 1351 1246 1442 laudantur,
1273 1352 1337 1453 qui
1364 1377 1463 1427 nova
1488 1355 1559 1454 qui·

179 1453 259 1532 'dem
287 1455 432 1528 Pietatis
459 1456 625 1545 inventa,
651 1456 721 1528 five
748 1455 856 1544 ritus,
886 1454 956 1528 five
982 1452 1166 1525 sententias
1191 1450 1387 1549 invehunt,
1417 1453 1472 1526 sed
1488 1478 1560 1554 qua

177 1553 342 1654 legitima
369 1557 443 1628 sunt
470 1552 682 1627 conseblaria
711 1554 869 1645 veteris,
897 1556 1097 1652 semperque
1123 1550 1479 1627 stabilis'Catbolicae
1504 1553 1561 1626 do·'

177 1651 300 1728 'birine
321 1673 342 1744 ,·
367 1655 404 1728 dc
431 1651 525 1727 teile
562 1656 750 1735 consonant
776 1679 859 1726 eum
894 1651 1129 1753 probatissima
1156 1650 1561 1752 Eccle'l'rae'disciplinai

179 1754 389 1828 Cavendum
417 1753 666 1829 tantummodo
693 1753 736 1826 ab
762 1752 828 1844 iis,
847 1755 917 1855 'qui
944 1751 1122 1826 indomito
1149 1746 1292 1851 ingeniti
1309 1756 1328 1844 ,³
1348 1766 1407 1826 aut
1426 1748 1563 1827 ‘enube-¹

182 1853 278 1928 tanti
306 1851 430 1928 affeilu
457 1853 569 1956 rapti,
598 1877 693 1928 nova
718 1853 913 1944 fabricant,
941 1851 1131 1950 gloriolam
1158 1850 1238 1926 inde
1264 1852 1374 1928 tacita
1393 1850 1564 1951 cupidita·

180 1975 216 2028 te
244 1976 475 2055 aucupantes,
515 1975 574 2029 aut
600 1952 847 2055 prestantioris
874 1952 1033 2056 Ingenii,
1061 1972 1120 2026 aut
1146 1951 1563 2029 ferventiorisPietatis.

180 2059 327 2129 Etenim
346 2076 416 2128 non
437 2081 520 2129 raro
540 2053 690 2146 accidit,
718 2075 755 2128 ut
784 2080 828 2128 ex
857 2079 978 2127 eorum
1006 2052 1189 2126 conatibus
1214 2052 1304 2127 nihil
1332 2052 1426 2128 aliud
1455 2078 1565 2126 emerd

183 2176 265 2244 nat,
293 2153 354 2228 nifi
381 2176 441 2229 aut
468 2153 618 2250 insulsa,
649 2175 708 2229 aut
735 2154 929 2227 temerariae
956 2153 1151 2252 Opiniones
1177 2150 1248 2225 srve
1275 2153 1482 2228 sententiae.
1510 2156 1565 2225 In·'

181 2210 304 2327 iulsum
330 2255 399 2345 esi,
428 2255 598 2357 quidquid
625 2256 723 2327 nullo
750 2255 921 2332 sacrarum
949 2253 1199 2343 Litterarum,
1226 2273 1287 2326 aut
1312 2253 1411 2326 sacrat
1437 2251 1566 2324 Tradi-

179 2352 287 2427 tionis
312 2353 527 2427 documento
553 2353 750 2444 innititur,
784 2352 838 2427 sed
866 2379 911 2428 ex
938 2352 1123 2451 argutiolis
1148 2351 1342 2427 dumtaxat
1357 2349 1566 2426 Intelleblus

179 2453 286 2525 nostri
303 2453 542 2554 depromitur,
571 2474 744 2553 praeunte
772 2455 900 2544 nullo,
942 2473 1001 2527 aut
1029 2453 1149 2560 aliquo
1175 2453 1326 2526 sednon
1352 2451 1432 2526 satis
1456 2453 1568 2525 firmo

204 2552 385 2654 rincipio,
422 2555 516 2655 quod
543 2554 657 2628 veluti
679 2552 877 2629 solidissima
904 2553 987 2627 bafis
1013 2551 1189 2628 sententiis
1216 2552 1259 2625 iis
1295 2553 1530 2627 substernatur
1556 2562 1567 2624 2

178 2579 332 2747 iarum,
362 2654 517 2755 exempli
544 2658 675 2745 caussa,
703 2653 815 2729 visum
843 2655 888 2726 est
914 2653 1091 2728 nonnullis
1117 2652 1257 2726 tradere
1278 2670 1300 2743 ,'
1319 2653 1412 2726 ,dona
1436 2678 1477 2726 ac
1491 2654 1567 2747 pri·¹

180 2755 314 2852 vilegin
336 2757 507 2830 seniliter
527 2759 602 2830 Deo
620 2754 785 2854 conceffn,
813 2753 1015 2853 Bentiffimae
1045 2779 1174 2851 qnoque
1194 2754 1314 2846 [sigini
1334 2749 1443 2852 sniffe
1468 2751 1574 2826 corin

179 2870 237 2929 tn':
264 2882 337 2963 quae
364 2856 533 2930 sententia
559 2876 659 2939 caute
687 2855 817 2942 etiam,
846 2879 955 2954 neque
976 2853 1045 2926 fine
1062 2851 1326 2950 exceptionibus
1345 2851 1412 2925 suis
1438 2852 1487 2926 est
1505 2848 1569 2924 adi

178 2952 352 3027 hibenda.
380 2956 522 3052 Majora
548 2955 682 3052 insuper
711 2954 987 3048 excogitarunt,
1025 2952 1302 3043 contendentes,
1340 2951 1428 3024 nihil
1446 2953 1569 3024 ferme

179 3052 291 3124 laudis
317 3055 414 3152 esse,
476 3051 543 3125 uod
570 3053 732 3156 Deipara
759 3051 865 3124 tribui
894 3052 1021 3126 merito
1046 3078 1115 3127 non
1141 3053 1265 3152 possit.
1300 3050 1416 3125 Bafilii
1440 3051 1567 3124 Seleu·

179 3149 296 3227 'ciensrs
322 3150 431 3224 verba
450 3080 525 3226 (buc
550 3172 691 3232 traxere
713 3149 894 3225 scribentis
920 3154 1059 3234 Homil.
1089 3156 1127 3234 in
1155 3154 1310 3226 Saniiam
1338 3155 1569 3249 &iponem-,-

175 3250 269 3349 apud
296 3250 543 3334 Combefisrum
571 3254 608 3326 in
635 3249 779 3328 Audiat.
806 3252 1015 3335 Bibliothec.
1043 3259 1217 3336 Petrum.
1246 3258 1395 3348 OVirgo
1412 3249 1566 3350 Sanctis·

173 3351 280 3450 fimo,
308 3374 345 3426 nt
366 3374 403 3427 nt
421 3358 499 3453 qnis
518 3353 653 3454 honesta
668 3381 811 3453 vqneeqne
831 3382 870 3429 nc
880 3355 1026 3455 gloriosa
1047 3356 1089 3428 de
1108 3377 1141 3426 re
1154 3355 1307 3450 loquarne
1326 3410 1337 3444 ,
1372 3349 1467 3425 band
1493 3353 1573 3448 qni-¹

177 3451 249 3525 dem
275 3456 334 3528 ilie
358 3458 528 3529 aberrabit
553 3458 768 3547 a‘lseriene,
795 3459 893 3529 immo
918 3482 976 3529 nec
996 3457 1190 3552 promerito
1207 3451 1332 3552 fecerit
1348 3451 1462 3551 sectis.
1492 3456 1570 3526 Ha&

178 3552 298 3628 bernus
323 3556 403 3628 heic
430 3556 672 3655 Hyperbolem
699 3557 919 3653 tolerandam
947 3577 1050 3655 atque
1077 3553 1289 3637 laudandam
1324 3552 1360 3626 in
1386 3552 1573 3634 Oratione

176 3656 419 3752 Panegyrico,
447 3681 553 3754 quum
581 3655 618 3730 Sc
644 3681 707 3729 nos
733 3683 803 3730 non
829 3657 1020 3756 incongrue
1046 3656 1224 3746 dicamus,
1250 3653 1577 3752 Deiparamsupra·.

179 3777 323 3825 omnem
351 3752 489 3826 laudem
517 3756 668 3828 nostram
696 3759 775 3852 else,
800 3759 837 3833 dc
864 3757 986 3834 fimilia
1013 3757 1055 3830 de
1081 3752 1222 3850 inclytis
1236 3752 1476 3854 Principibus,
1503 3762 1571 3823 ne·'

178 3849 263 3923 dum
291 3849 332 3923 de
360 3850 516 3943 Sanblis,
544 3854 777 3955 usurpentur.
811 3862 946 3953 Verum
964 3875 1079 3930 'nemo
1105 3855 1247 3955 sanioris
1274 3853 1581 3928 criterii'locumu

178 3949 269 4026 hunc
296 3952 431 4052 excipit
457 3955 570 4030 veluti
597 3958 806 4031 sententiam
821 3955 1046 4056 Theologico
1066 3957 1185 4057 rigore
1205 3975 1432 4057 conceptam.
1462 3952 1582 4026 Alio..

177 4052 261 4152 quin
286 4052 410 4128 deliria
436 4080 507 4128 non
534 4053 666 4155 pinca,
694 4058 803 4130 etiam
830 4056 1013 4131 divinitati
1036 4058 1219 4157 injuriosa,
1247 4048 1574 4161 patrociniumsub·

177 4151 247 4246 ejus
274 4155 399 4229 umbra
424 4155 586 4256 polliceri
613 4155 672 4231 srbi
699 4158 768 4255 jam
794 4159 950 4257 pollent.
977 4163 1150 4232 Attamen
1175 4181 1247 4230 non
1273 4156 1414 4229 defuere
1442 4152 1572 4225 Theo·-

177 4250 281 4349 logi,
308 4256 367 4351 qui
395 4278 536 4356 arrepto
561 4259 744 4332 axiomate
770 4257 855 4346 illo,
884 4258 984 4355 super
1006 4258 1094 4331 illud
1121 4258 1222 4331 mira.
1240 4251 1574 4352 multa‘inDeipa··

174 4375 223 4423 rte
251 4351 390 4442 laudem
417 4357 651 4444 aedificarunt,
678 4381 749 4431 non
781 4358 957 4450 contraria
983 4358 1062 4433 sane·
1088 4353 1466 4456 ScripturisdiuiniS,
1502 4376 1571 4425 ne··

175 4451 499 4557 que-Traditioni,
527 4480 652 4533 verum
679 4455 1071 4556 universaeantiquitati
1089 4456 1373 4558 ignotapeaque
1398 4452 1453 4530 itti
1473 4458 1569 4625 pelaz-⁴

248 4572 259 4585 ⁹
1488 4577 1560 4626 ca·
