<?xml version="1.0" encoding="UTF-8"?>
<!DOCTYPE html PUBLIC "-//W3C//DTD XHTML 1.0 Transitional//EN"
    "http://www.w3.org/TR/xhtml1/DTD/xhtml1-transitional.dtd">
<html xmlns="http://www.w3.org/1999/xhtml" xml:lang="en" lang="en">
 <head>
  <title>
</title>
<meta http-equiv="Content-Type" content="text/html;charset=utf-8" />
  <meta name='ocr-system' content='tesseract 3.04.00' />
  <meta name='ocr-capabilities' content='ocr_page ocr_carea ocr_par ocr_line ocrx_word'/>
</head>
<body>
  <div class='ocr_page' id='page_1' title='image "./antoniilampridi00muragoog_0188.png"; bbox 0 0 3606 5400; ppageno 0'>
   <div class='ocr_carea' id='block_1_1' title="bbox 596 267 1561 378">
    <p class='ocr_par' dir='ltr' id='par_1_1' title="bbox 596 267 1561 378">
     <span class='ocr_line' id='line_1_1' title="bbox 596 267 1561 378; baseline 0.029 -36"><span class='ocrx_word' id='word_1_1' title='bbox 596 268 728 378; x_wconf 75' lang='lat' dir='ltr'>Caput</span> <span class='ocrx_word' id='word_1_2' title='bbox 757 267 1160 376; x_wconf 76' lang='lat' dir='ltr'>Vigrfimrimtrrtluin.</span> <span class='ocrx_word' id='word_1_3' title='bbox 1478 302 1497 362; x_wconf 69' lang='lat'>,1</span> <span class='ocrx_word' id='word_1_4' title='bbox 1512 285 1561 372; x_wconf 79' lang='lat'>73</span> 
     </span>
    </p>
   </div>
   <div class='ocr_carea' id='block_1_2' title="bbox 188 412 1678 4004">
    <p class='ocr_par' dir='ltr' id='par_1_2' title="bbox 188 412 1678 4004">
     <span class='ocr_line' id='line_1_2' title="bbox 188 412 1563 514; baseline 0.001 -26"><span class='ocrx_word' id='word_1_5' title='bbox 188 413 324 498; x_wconf 83' lang='lat' dir='ltr'>Siculus</span> <span class='ocrx_word' id='word_1_6' title='bbox 350 413 517 487; x_wconf 71' lang='lat' dir='ltr'><strong>Professor</strong></span> <span class='ocrx_word' id='word_1_7' title='bbox 543 413 760 486; x_wconf 86' lang='lat' dir='ltr'>recensebit.</span> <span class='ocrx_word' id='word_1_8' title='bbox 786 413 898 514; x_wconf 87' lang='lat' dir='ltr'>Atqui</span> <span class='ocrx_word' id='word_1_9' title='bbox 926 412 1118 486; x_wconf 87' lang='lat' dir='ltr'>Lainindus</span> <span class='ocrx_word' id='word_1_10' title='bbox 1144 413 1344 493; x_wconf 89' lang='lat' dir='ltr'>innumeros</span> <span class='ocrx_word' id='word_1_11' title='bbox 1372 414 1489 503; x_wconf 89' lang='lat' dir='ltr'>alios,</span> <span class='ocrx_word' id='word_1_12' title='bbox 1526 417 1563 488; x_wconf 78' lang='lat' dir='ltr'>de</span> 
     </span>
     <span class='ocr_line' id='line_1_3' title="bbox 190 513 1564 614; baseline -0.002 -23"><span class='ocrx_word' id='word_1_13' title='bbox 190 519 294 614; x_wconf 84' lang='lat' dir='ltr'>longe</span> <span class='ocrx_word' id='word_1_14' title='bbox 321 513 519 612; x_wconf 85' lang='lat' dir='ltr'>graviores,</span> <span class='ocrx_word' id='word_1_15' title='bbox 546 513 673 586; x_wconf 88' lang='lat' dir='ltr'>habere</span> <span class='ocrx_word' id='word_1_16' title='bbox 700 515 730 586; x_wconf 90' lang='lat' dir='ltr'>se</span> <span class='ocrx_word' id='word_1_17' title='bbox 758 534 880 614; x_wconf 89' lang='lat' dir='ltr'>putat,</span> <span class='ocrx_word' id='word_1_18' title='bbox 908 540 977 586; x_wconf 92' lang='lat' dir='ltr'>non</span> <span class='ocrx_word' id='word_1_19' title='bbox 1004 513 1129 602; x_wconf 90' lang='lat' dir='ltr'>aliter,</span> <span class='ocrx_word' id='word_1_20' title='bbox 1157 538 1263 612; x_wconf 92' lang='lat' dir='ltr'>quam</span> <span class='ocrx_word' id='word_1_21' title='bbox 1290 513 1357 609; x_wconf 90' lang='lat' dir='ltr'>ipse</span> <span class='ocrx_word' id='word_1_22' title='bbox 1381 569 1390 604; x_wconf 96' lang='lat'>,</span> <span class='ocrx_word' id='word_1_23' title='bbox 1418 514 1564 588; x_wconf 88' lang='lat' dir='ltr'>sentien-</span> 
     </span>
     <span class='ocr_line' id='line_1_4' title="bbox 190 610 1564 712; baseline -0.002 -23"><span class='ocrx_word' id='word_1_24' title='bbox 190 610 271 707; x_wconf 84' lang='lat' dir='ltr'>tes,</span> <span class='ocrx_word' id='word_1_25' title='bbox 305 612 524 704; x_wconf 82' lang='lat' dir='ltr'>Scotisticam</span> <span class='ocrx_word' id='word_1_26' title='bbox 551 613 756 706; x_wconf 79' lang='lat' dir='ltr'>sententiam</span> <span class='ocrx_word' id='word_1_27' title='bbox 782 611 958 698; x_wconf 80' lang='lat' dir='ltr'>consistere</span> <span class='ocrx_word' id='word_1_28' title='bbox 986 612 1097 686; x_wconf 89' lang='lat' dir='ltr'>adhuc</span> <span class='ocrx_word' id='word_1_29' title='bbox 1124 613 1217 698; x_wconf 89' lang='lat' dir='ltr'>intra</span> <span class='ocrx_word' id='word_1_30' title='bbox 1246 612 1386 684; x_wconf 86' lang='lat' dir='ltr'>Piarum</span> <span class='ocrx_word' id='word_1_31' title='bbox 1414 613 1564 712; x_wconf 90' lang='lat' dir='ltr'>Opinio·</span> 
     </span>
     <span class='ocr_line' id='line_1_5' title="bbox 189 711 1574 812; baseline 0.001 -22"><span class='ocrx_word' id='word_1_32' title='bbox 189 741 276 790; x_wconf 90' lang='lat' dir='ltr'>num</span> <span class='ocrx_word' id='word_1_33' title='bbox 301 717 405 803; x_wconf 75' lang='lat' dir='ltr'>siner,</span> <span class='ocrx_word' id='word_1_34' title='bbox 435 739 474 786; x_wconf 91' lang='lat' dir='ltr'>ac</span> <span class='ocrx_word' id='word_1_35' title='bbox 501 734 685 812; x_wconf 87' lang='lat' dir='ltr'>propterea</span> <span class='ocrx_word' id='word_1_36' title='bbox 713 738 734 785; x_wconf 93' lang='lat' dir='ltr'>a</span> <span class='ocrx_word' id='word_1_37' title='bbox 758 717 857 786; x_wconf 91' lang='lat' dir='ltr'>Voto</span> <span class='ocrx_word' id='word_1_38' title='bbox 882 713 946 787; x_wconf 89' lang='lat' dir='ltr'>illo</span> <span class='ocrx_word' id='word_1_39' title='bbox 971 711 1183 812; x_wconf 88' lang='lat' dir='ltr'>imprudenti</span> <span class='ocrx_word' id='word_1_40' title='bbox 1211 711 1363 784; x_wconf 88' lang='lat' dir='ltr'>alienos.</span> <span class='ocrx_word' id='word_1_41' title='bbox 1392 714 1486 803; x_wconf 79' lang='lat' dir='ltr'>Quei</span> <span class='ocrx_word' id='word_1_42' title='bbox 1514 739 1574 799; x_wconf 61' lang='lat' dir='ltr'>ere.</span> 
     </span>
     <span class='ocr_line' id='line_1_6' title="bbox 191 811 1573 913; baseline -0.001 -27"><span class='ocrx_word' id='word_1_43' title='bbox 191 842 238 913; x_wconf 83' lang='lat' dir='ltr'>go</span> <span class='ocrx_word' id='word_1_44' title='bbox 272 813 540 910; x_wconf 87' lang='lat' dir='ltr'>Theologotum</span> <span class='ocrx_word' id='word_1_45' title='bbox 579 833 820 912; x_wconf 87' lang='lat' dir='ltr'>contemptum</span> <span class='ocrx_word' id='word_1_46' title='bbox 856 812 922 884; x_wconf 91' lang='lat' dir='ltr'>huc</span> <span class='ocrx_word' id='word_1_47' title='bbox 958 811 1241 885; x_wconf 87' lang='lat' dir='ltr'>Parthenotimus</span> <span class='ocrx_word' id='word_1_48' title='bbox 1273 811 1385 884; x_wconf 87' lang='lat' dir='ltr'>noster</span> <span class='ocrx_word' id='word_1_49' title='bbox 1418 813 1526 886; x_wconf 87' lang='lat' dir='ltr'>trahit</span> <span class='ocrx_word' id='word_1_50' title='bbox 1555 862 1573 902; x_wconf 37' lang='grc' dir='ltr'>,ι</span> 
     </span>
     <span class='ocr_line' id='line_1_7' title="bbox 192 911 1678 1013; baseline -0.003 -26"><span class='ocrx_word' id='word_1_51' title='bbox 192 939 297 1013; x_wconf 89' lang='lat' dir='ltr'>quum</span> <span class='ocrx_word' id='word_1_52' title='bbox 323 913 770 987; x_wconf 66' lang='lat' dir='ltr'>mministis-communem</span> <span class='ocrx_word' id='word_1_53' title='bbox 796 913 1065 1010; x_wconf 86' lang='lat' dir='ltr'>Theologorum</span> <span class='ocrx_word' id='word_1_54' title='bbox 1091 911 1327 1001; x_wconf 84' lang='lat' dir='ltr'>sententiam,</span> <span class='ocrx_word' id='word_1_55' title='bbox 1356 912 1468 984; x_wconf 93' lang='lat' dir='ltr'>immo</span> <span class='ocrx_word' id='word_1_56' title='bbox 1494 915 1569 983; x_wconf 92' lang='lat' dir='ltr'>Ro·</span> <span class='ocrx_word' id='word_1_57' title='bbox 1675 921 1678 926; x_wconf 87' lang='lat'>&#39;</span> 
     </span>
     <span class='ocr_line' id='line_1_8' title="bbox 193 1010 1569 1112; baseline -0.003 -25"><span class='ocrx_word' id='word_1_58' title='bbox 193 1038 302 1087; x_wconf 87' lang='lat' dir='ltr'>manae</span> <span class='ocrx_word' id='word_1_59' title='bbox 329 1011 487 1101; x_wconf 73' lang='lat' dir='ltr'>Ecclefiaej</span> <span class='ocrx_word' id='word_1_60' title='bbox 513 1011 703 1111; x_wconf 88' lang='lat' dir='ltr'>judiciuin,</span> <span class='ocrx_word' id='word_1_61' title='bbox 732 1013 767 1084; x_wconf 88' lang='lat' dir='ltr'>in</span> <span class='ocrx_word' id='word_1_62' title='bbox 804 1012 994 1108; x_wconf 83' lang='lat' dir='ltr'>hujusmodi</span> <span class='ocrx_word' id='word_1_63' title='bbox 1031 1011 1228 1104; x_wconf 79' lang='lat' dir='ltr'>Quaestione</span> <span class='ocrx_word' id='word_1_64' title='bbox 1256 1010 1447 1112; x_wconf 83' lang='lat' dir='ltr'>sequatur?</span> <span class='ocrx_word' id='word_1_65' title='bbox 1473 1011 1569 1102; x_wconf 83' lang='lat' dir='ltr'>Quei</span> 
     </span>
     <span class='ocr_line' id='line_1_9' title="bbox 192 1110 1577 1212; baseline 0 -28"><span class='ocrx_word' id='word_1_66' title='bbox 192 1111 336 1185; x_wconf 88' lang='lat' dir='ltr'>ridenda</span> <span class='ocrx_word' id='word_1_67' title='bbox 371 1116 471 1212; x_wconf 89' lang='lat' dir='ltr'>plane</span> <span class='ocrx_word' id='word_1_68' title='bbox 507 1113 779 1209; x_wconf 83' lang='lat' dir='ltr'>exaggeratione</span> <span class='ocrx_word' id='word_1_69' title='bbox 815 1112 874 1185; x_wconf 90' lang='lat' dir='ltr'>sibi</span> <span class='ocrx_word' id='word_1_70' title='bbox 909 1113 1041 1208; x_wconf 71' lang='lat' dir='ltr'>lingit,</span> <span class='ocrx_word' id='word_1_71' title='bbox 1073 1116 1236 1207; x_wconf 55' lang='lat' dir='ltr'>Suarez,</span> <span class='ocrx_word' id='word_1_72' title='bbox 1273 1110 1441 1208; x_wconf 75' lang='lat' dir='ltr'>insignem</span> <span class='ocrx_word' id='word_1_73' title='bbox 1479 1111 1577 1184; x_wconf 21' lang='lat' dir='ltr'>adeo]</span> 
     </span>
     <span class='ocr_line' id='line_1_10' title="bbox 191 1208 1571 1313; baseline -0.002 -29"><span class='ocrx_word' id='word_1_74' title='bbox 191 1213 432 1311; x_wconf 84' lang='lat' dir='ltr'>Theologum,</span> <span class='ocrx_word' id='word_1_75' title='bbox 461 1238 482 1285; x_wconf 91' lang='lat' dir='ltr'>a</span> <span class='ocrx_word' id='word_1_76' title='bbox 507 1213 672 1313; x_wconf 90' lang='lat' dir='ltr'>quopiam</span> <span class='ocrx_word' id='word_1_77' title='bbox 699 1217 788 1285; x_wconf 82' lang='lat' dir='ltr'>inter</span> <span class='ocrx_word' id='word_1_78' title='bbox 807 1209 935 1310; x_wconf 74' lang='lat' dir='ltr'>perfilsa</span> <span class='ocrx_word' id='word_1_79' title='bbox 959 1214 1095 1304; x_wconf 83' lang='lat' dir='ltr'>ingenia</span> <span class='ocrx_word' id='word_1_80' title='bbox 1120 1208 1346 1308; x_wconf 69' lang='lat' dir='ltr'>conjeslum?</span> <span class='ocrx_word' id='word_1_81' title='bbox 1375 1210 1497 1307; x_wconf 83' lang='lat' dir='ltr'>Digna</span> <span class='ocrx_word' id='word_1_82' title='bbox 1524 1211 1571 1281; x_wconf 65' lang='lat' dir='ltr'>sa-&#39;</span> 
     </span>
     <span class='ocr_line' id='line_1_11' title="bbox 192 1307 1565 1412; baseline -0.004 -28"><span class='ocrx_word' id='word_1_83' title='bbox 192 1339 233 1386; x_wconf 90' lang='lat' dir='ltr'>ne</span> <span class='ocrx_word' id='word_1_84' title='bbox 260 1337 331 1385; x_wconf 92' lang='lat' dir='ltr'>non</span> <span class='ocrx_word' id='word_1_85' title='bbox 357 1312 403 1385; x_wconf 87' lang='lat' dir='ltr'>est</span> <span class='ocrx_word' id='word_1_86' title='bbox 428 1332 501 1384; x_wconf 87' lang='lat' dir='ltr'>ram</span> <span class='ocrx_word' id='word_1_87' title='bbox 529 1311 647 1410; x_wconf 86' lang='lat' dir='ltr'>gravis</span> <span class='ocrx_word' id='word_1_88' title='bbox 673 1311 834 1412; x_wconf 69' lang='lat' dir='ltr'>quaestio,</span> <span class='ocrx_word' id='word_1_89' title='bbox 860 1337 935 1412; x_wconf 75' lang='lat' dir='ltr'>quie</span> <span class='ocrx_word' id='word_1_90' title='bbox 961 1310 1052 1384; x_wconf 88' lang='lat' dir='ltr'>hisee</span> <span class='ocrx_word' id='word_1_91' title='bbox 1078 1312 1318 1401; x_wconf 90' lang='lat' dir='ltr'>commentis,</span> <span class='ocrx_word' id='word_1_92' title='bbox 1346 1307 1565 1406; x_wconf 65' lang='lat' dir='ltr'>confidisque</span> 
     </span>
     <span class='ocr_line' id='line_1_12' title="bbox 193 1409 1448 1511; baseline 0.002 -26"><span class='ocrx_word' id='word_1_93' title='bbox 193 1412 342 1511; x_wconf 85' lang='lat' dir='ltr'>querelis</span> <span class='ocrx_word' id='word_1_94' title='bbox 368 1409 620 1510; x_wconf 74' lang='lat' dir='ltr'>pertrabletur.</span> <span class='ocrx_word' id='word_1_95' title='bbox 880 1464 882 1468; x_wconf 81' lang='lat'><em>.</em></span> <span class='ocrx_word' id='word_1_96' title='bbox 1099 1481 1101 1486; x_wconf 89' lang='lat'><em>.</em></span> <span class='ocrx_word' id='word_1_97' title='bbox 1275 1460 1277 1465; x_wconf 94' lang='lat'>·</span> <span class='ocrx_word' id='word_1_98' title='bbox 1399 1487 1401 1491; x_wconf 78' lang='grc'>,</span> <span class='ocrx_word' id='word_1_99' title='bbox 1446 1454 1448 1458; x_wconf 42' lang='lat'><strong><em>⁴</em></strong></span> 
     </span>
     <span class='ocr_line' id='line_1_13' title="bbox 242 1510 1570 1612; baseline -0.002 -27"><span class='ocrx_word' id='word_1_100' title='bbox 242 1518 411 1608; x_wconf 74' lang='lat' dir='ltr'>Attamen</span> <span class='ocrx_word' id='word_1_101' title='bbox 438 1512 578 1612; x_wconf 90' lang='lat' dir='ltr'>quando</span> <span class='ocrx_word' id='word_1_102' title='bbox 604 1510 816 1586; x_wconf 74' lang='lat' dir='ltr'>ausloritate</span> <span class='ocrx_word' id='word_1_103' title='bbox 836 1514 1102 1611; x_wconf 81' lang='lat' dir='ltr'>Theologorum</span> <span class='ocrx_word' id='word_1_104' title='bbox 1123 1515 1339 1611; x_wconf 88' lang='lat' dir='ltr'>(paucorum</span> <span class='ocrx_word' id='word_1_105' title='bbox 1366 1512 1485 1608; x_wconf 86' lang='lat' dir='ltr'>certe.)</span> <span class='ocrx_word' id='word_1_106' title='bbox 1498 1533 1570 1584; x_wconf 89' lang='lat' dir='ltr'>tue·</span> 
     </span>
     <span class='ocr_line' id='line_1_14' title="bbox 193 1606 1622 1714; baseline 0 -31"><span class='ocrx_word' id='word_1_107' title='bbox 193 1612 224 1684; x_wconf 91' lang='lat' dir='ltr'>ri</span> <span class='ocrx_word' id='word_1_108' title='bbox 251 1612 281 1684; x_wconf 90' lang='lat' dir='ltr'>se</span> <span class='ocrx_word' id='word_1_109' title='bbox 308 1612 422 1712; x_wconf 83' lang='lat' dir='ltr'>pergit</span> <span class='ocrx_word' id='word_1_110' title='bbox 445 1613 775 1704; x_wconf 83' lang='lat' dir='ltr'>¹Parthenotimus,</span> <span class='ocrx_word' id='word_1_111' title='bbox 813 1635 918 1714; x_wconf 90' lang='lat' dir='ltr'>atque</span> <span class='ocrx_word' id='word_1_112' title='bbox 956 1613 1037 1686; x_wconf 88' lang='lat' dir='ltr'>inde</span> <span class='ocrx_word' id='word_1_113' title='bbox 1073 1614 1172 1686; x_wconf 86' lang='lat' dir='ltr'>nobis</span> <span class='ocrx_word' id='word_1_114' title='bbox 1199 1634 1371 1686; x_wconf 90' lang='lat' dir='ltr'>terrorem</span> <span class='ocrx_word' id='word_1_115' title='bbox 1398 1612 1571 1686; x_wconf 85' lang='lat' dir='ltr'>incutien-</span> <span class='ocrx_word' id='word_1_116' title='bbox 1620 1606 1622 1616; x_wconf 71' lang='grc'>’</span> 
     </span>
     <span class='ocr_line' id='line_1_15' title="bbox 193 1712 1572 1812; baseline 0.001 -28"><span class='ocrx_word' id='word_1_117' title='bbox 193 1712 298 1802; x_wconf 89' lang='lat' dir='ltr'>dum,</span> <span class='ocrx_word' id='word_1_118' title='bbox 326 1712 494 1786; x_wconf 89' lang='lat' dir='ltr'>odiumve</span> <span class='ocrx_word' id='word_1_119' title='bbox 519 1713 713 1798; x_wconf 80' lang='lat' dir='ltr'>creandum¹</span> <span class='ocrx_word' id='word_1_120' title='bbox 735 1713 866 1812; x_wconf 85' lang='lat' dir='ltr'>sperat,</span> <span class='ocrx_word' id='word_1_121' title='bbox 894 1735 1015 1787; x_wconf 90' lang='lat' dir='ltr'>monet</span> <span class='ocrx_word' id='word_1_122' title='bbox 1042 1740 1097 1786; x_wconf 90' lang='lat' dir='ltr'>nie</span> <span class='ocrx_word' id='word_1_123' title='bbox 1124 1716 1250 1802; x_wconf 89' lang='lat' dir='ltr'>locus,</span> <span class='ocrx_word' id='word_1_124' title='bbox 1278 1734 1315 1786; x_wconf 92' lang='lat' dir='ltr'>ut</span> <span class='ocrx_word' id='word_1_125' title='bbox 1342 1712 1572 1787; x_wconf 83' lang='lat' dir='ltr'>corollarium</span> 
     </span>
     <span class='ocr_line' id='line_1_16' title="bbox 193 1808 1573 1911; baseline -0.001 -27"><span class='ocrx_word' id='word_1_126' title='bbox 193 1811 350 1910; x_wconf 83' lang='lat' dir='ltr'>praesenti</span> <span class='ocrx_word' id='word_1_127' title='bbox 377 1813 617 1910; x_wconf 70' lang='lat' dir='ltr'>controuersia</span> <span class='ocrx_word' id='word_1_128' title='bbox 644 1813 861 1910; x_wconf 81' lang='lat' dir='ltr'>adjungam.</span> <span class='ocrx_word' id='word_1_129' title='bbox 889 1820 935 1887; x_wconf 85' lang='lat' dir='ltr'>Et</span> <span class='ocrx_word' id='word_1_130' title='bbox 962 1808 1172 1911; x_wconf 80' lang='lat' dir='ltr'>primoum</span> <span class='ocrx_word' id='word_1_131' title='bbox 1199 1836 1280 1892; x_wconf 88' lang='lat' dir='ltr'>cum</span> <span class='ocrx_word' id='word_1_132' title='bbox 1307 1813 1386 1884; x_wconf 90' lang='lat' dir='ltr'>aliis</span> <span class='ocrx_word' id='word_1_133' title='bbox 1411 1812 1573 1897; x_wconf 79' lang='lat' dir='ltr'>Catholi-</span> 
     </span>
     <span class='ocr_line' id='line_1_17' title="bbox 192 1907 1572 2010; baseline -0.001 -28"><span class='ocrx_word' id='word_1_134' title='bbox 192 1911 242 1986; x_wconf 90' lang='lat' dir='ltr'>cis</span> <span class='ocrx_word' id='word_1_135' title='bbox 268 1907 480 2008; x_wconf 76' lang='lat' dir='ltr'>dignitatem</span> <span class='ocrx_word' id='word_1_136' title='bbox 504 1910 712 2010; x_wconf 82' lang='lat' dir='ltr'>Theologiae</span> <span class='ocrx_word' id='word_1_137' title='bbox 739 1911 958 1986; x_wconf 76' lang='lat' dir='ltr'>Scholastica</span> <span class='ocrx_word' id='word_1_138' title='bbox 985 1911 1159 2010; x_wconf 77' lang='lat' dir='ltr'>agnosco,</span> <span class='ocrx_word' id='word_1_139' title='bbox 1188 1910 1380 1985; x_wconf 90' lang='lat' dir='ltr'>utilitatem</span> <span class='ocrx_word' id='word_1_140' title='bbox 1407 1909 1572 2007; x_wconf 81' lang='lat' dir='ltr'>depraedi-</span> 
     </span>
     <span class='ocr_line' id='line_1_18' title="bbox 194 2009 1578 2112; baseline -0.003 -31"><span class='ocrx_word' id='word_1_141' title='bbox 194 2035 237 2081; x_wconf 88' lang='lat' dir='ltr'>co</span> <span class='ocrx_word' id='word_1_142' title='bbox 257 2059 290 2099; x_wconf 90' lang='lat'>,.-</span> <span class='ocrx_word' id='word_1_143' title='bbox 305 2011 536 2083; x_wconf 83' lang='lat' dir='ltr'>necessitatem</span> <span class='ocrx_word' id='word_1_144' title='bbox 562 2011 702 2096; x_wconf 83' lang='lat' dir='ltr'>sentio.</span> <span class='ocrx_word' id='word_1_145' title='bbox 719 2017 865 2111; x_wconf 72' lang='lat' dir='ltr'>,Neque</span> <span class='ocrx_word' id='word_1_146' title='bbox 893 2012 985 2112; x_wconf 89' lang='lat' dir='ltr'>quod</span> <span class='ocrx_word' id='word_1_147' title='bbox 1011 2014 1048 2083; x_wconf 89' lang='lat' dir='ltr'>iii</span> <span class='ocrx_word' id='word_1_148' title='bbox 1075 2036 1116 2090; x_wconf 86' lang='lat' dir='ltr'>ea</span> <span class='ocrx_word' id='word_1_149' title='bbox 1155 2009 1348 2083; x_wconf 87' lang='lat' dir='ltr'>excolenda</span> <span class='ocrx_word' id='word_1_150' title='bbox 1385 2024 1578 2089; x_wconf 79' lang='lat' dir='ltr'>occurrant</span> 
     </span>
     <span class='ocr_line' id='line_1_19' title="bbox 193 2107 1572 2210; baseline -0.003 -30"><span class='ocrx_word' id='word_1_151' title='bbox 193 2109 304 2209; x_wconf 85' lang='lat' dir='ltr'>aliqui</span> <span class='ocrx_word' id='word_1_152' title='bbox 330 2109 507 2183; x_wconf 88' lang='lat' dir='ltr'>interdum</span> <span class='ocrx_word' id='word_1_153' title='bbox 544 2112 778 2201; x_wconf 88' lang='lat' dir='ltr'>Novatores‚</span> <span class='ocrx_word' id='word_1_154' title='bbox 815 2132 922 2210; x_wconf 87' lang='lat' dir='ltr'>atque</span> <span class='ocrx_word' id='word_1_155' title='bbox 947 2112 983 2183; x_wconf 88' lang='lat' dir='ltr'>in</span> <span class='ocrx_word' id='word_1_156' title='bbox 1011 2110 1266 2199; x_wconf 83' lang='lat' dir='ltr'>Prudentiani,</span> <span class='ocrx_word' id='word_1_157' title='bbox 1305 2128 1363 2182; x_wconf 88' lang='lat' dir='ltr'>aut</span> <span class='ocrx_word' id='word_1_158' title='bbox 1401 2107 1572 2206; x_wconf 85' lang='lat' dir='ltr'>in&#39;ipsam</span> 
     </span>
     <span class='ocr_line' id='line_1_20' title="bbox 194 2205 1572 2312; baseline -0.002 -31"><span class='ocrx_word' id='word_1_159' title='bbox 194 2210 379 2300; x_wconf 88' lang='lat' dir='ltr'>meliorem</span> <span class='ocrx_word' id='word_1_160' title='bbox 405 2208 602 2284; x_wconf 70' lang='lat' dir='ltr'>doslrinam</span> <span class='ocrx_word' id='word_1_161' title='bbox 630 2233 831 2310; x_wconf 85' lang='lat' dir='ltr'>peccantes,</span> <span class='ocrx_word' id='word_1_162' title='bbox 859 2210 1052 2312; x_wconf 81' lang='lat' dir='ltr'>quidquam</span> <span class='ocrx_word' id='word_1_163' title='bbox 1079 2210 1244 2293; x_wconf 85' lang='lat' dir='ltr'>nobilitas</span> <span class='ocrx_word' id='word_1_164' title='bbox 1270 2209 1306 2282; x_wconf 78' lang='lat'>8&lt;</span> <span class='ocrx_word' id='word_1_165' title='bbox 1324 2208 1480 2308; x_wconf 88' lang='lat' dir='ltr'>pretium</span> <span class='ocrx_word' id='word_1_166' title='bbox 1492 2205 1572 2285; x_wconf 82' lang='lat' dir='ltr'>exi-</span> 
     </span>
     <span class='ocr_line' id='line_1_21' title="bbox 194 2309 1573 2408; baseline -0.003 -27"><span class='ocrx_word' id='word_1_167' title='bbox 194 2309 273 2399; x_wconf 82' lang='lat' dir='ltr'>miae</span> <span class='ocrx_word' id='word_1_168' title='bbox 293 2309 407 2408; x_wconf 61' lang='lat' dir='ltr'>,hujus</span> <span class='ocrx_word' id='word_1_169' title='bbox 426 2309 587 2384; x_wconf 81' lang='lat' dir='ltr'>Scientiae</span> <span class='ocrx_word' id='word_1_170' title='bbox 605 2312 780 2390; x_wconf 66' lang='lat' dir='ltr'>,decrescit</span> <span class='ocrx_word' id='word_1_171' title='bbox 801 2367 812 2385; x_wconf 89' lang='lat'><strong>.</strong></span> <span class='ocrx_word' id='word_1_172' title='bbox 836 2317 1048 2398; x_wconf 70' lang='lat' dir='ltr'>Fortunata</span> <span class='ocrx_word' id='word_1_173' title='bbox 1074 2310 1367 2391; x_wconf 72' lang='lat' dir='ltr'>nimiumgioient</span> <span class='ocrx_word' id='word_1_174' title='bbox 1383 2315 1573 2386; x_wconf 52' lang='lat' dir='ltr'>&#39;Artesnac</span> 
     </span>
     <span class='ocr_line' id='line_1_22' title="bbox 193 2406 1572 2508; baseline -0.001 -27"><span class='ocrx_word' id='word_1_175' title='bbox 193 2410 361 2499; x_wconf 83' lang='lat' dir='ltr'>Litterae,</span> <span class='ocrx_word' id='word_1_176' title='bbox 387 2409 440 2482; x_wconf 87' lang='lat' dir='ltr'>sia</span> <span class='ocrx_word' id='word_1_177' title='bbox 466 2409 628 2508; x_wconf 71' lang='lat' dir='ltr'>perfedlis</span> <span class='ocrx_word' id='word_1_178' title='bbox 655 2410 1151 2500; x_wconf 67' lang='lat' dir='ltr'>tantummodo&#39;tradlarentur</span> <span class='ocrx_word' id='word_1_179' title='bbox 1177 2410 1348 2508; x_wconf 84' lang='lat' dir='ltr'>ingeniis.</span> <span class='ocrx_word' id='word_1_180' title='bbox 1376 2406 1536 2482; x_wconf 89' lang='lat' dir='ltr'>Secundo</span> <span class='ocrx_word' id='word_1_181' title='bbox 1562 2461 1572 2494; x_wconf 89' lang='lat'>,</span> 
     </span>
     <span class='ocr_line' id='line_1_23' title="bbox 194 2507 1573 2610; baseline -0.001 -29"><span class='ocrx_word' id='word_1_182' title='bbox 194 2508 384 2606; x_wconf 87' lang='lat' dir='ltr'>gloriosum</span> <span class='ocrx_word' id='word_1_183' title='bbox 410 2509 589 2609; x_wconf 83' lang='lat' dir='ltr'>Theologi</span> <span class='ocrx_word' id='word_1_184' title='bbox 616 2512 885 2600; x_wconf 66' lang='lat' dir='ltr'>nonensi-inis</span> <span class='ocrx_word' id='word_1_185' title='bbox 911 2513 1106 2610; x_wconf 82' lang='lat' dir='ltr'>urgendum</span> <span class='ocrx_word' id='word_1_186' title='bbox 1133 2536 1204 2583; x_wconf 91' lang='lat' dir='ltr'>non</span> <span class='ocrx_word' id='word_1_187' title='bbox 1231 2511 1276 2581; x_wconf 87' lang='lat' dir='ltr'>est</span> <span class='ocrx_word' id='word_1_188' title='bbox 1313 2510 1356 2582; x_wconf 91' lang='lat' dir='ltr'>ad</span> <span class='ocrx_word' id='word_1_189' title='bbox 1383 2507 1573 2583; x_wconf 86' lang='lat' dir='ltr'>concilian-</span> 
     </span>
     <span class='ocr_line' id='line_1_24' title="bbox 195 2608 1574 2710; baseline -0.002 -30"><span class='ocrx_word' id='word_1_190' title='bbox 195 2611 278 2681; x_wconf 90' lang='lat' dir='ltr'>dum</span> <span class='ocrx_word' id='word_1_191' title='bbox 296 2629 445 2694; x_wconf 88' lang='lat' dir='ltr'>tantum</span> <span class='ocrx_word' id='word_1_192' title='bbox 470 2608 694 2697; x_wconf 64' lang='lat' dir='ltr'>rubloritatis</span> <span class='ocrx_word' id='word_1_193' title='bbox 718 2611 892 2710; x_wconf 79' lang='lat' dir='ltr'>Opinioni</span> <span class='ocrx_word' id='word_1_194' title='bbox 908 2613 1026 2697; x_wconf 63' lang='lat' dir='ltr'>1alieui</span> <span class='ocrx_word' id='word_1_195' title='bbox 1050 2634 1075 2700; x_wconf 59' lang='lat'>,¹</span> <span class='ocrx_word' id='word_1_196' title='bbox 1097 2612 1163 2685; x_wconf 86' lang='lat' dir='ltr'>hor</span> <span class='ocrx_word' id='word_1_197' title='bbox 1180 2609 1237 2682; x_wconf 77' lang='lat' dir='ltr'>‘est</span> <span class='ocrx_word' id='word_1_198' title='bbox 1263 2609 1435 2684; x_wconf 81' lang='lat' dir='ltr'>sententiae</span> <span class='ocrx_word' id='word_1_199' title='bbox 1472 2626 1574 2678; x_wconf 83' lang='lat' dir='ltr'>extra</span> 
     </span>
     <span class='ocr_line' id='line_1_25' title="bbox 193 2707 1575 2806; baseline -0.002 -26"><span class='ocrx_word' id='word_1_200' title='bbox 193 2707 296 2798; x_wconf 82' lang='lat' dir='ltr'>Fidei</span> <span class='ocrx_word' id='word_1_201' title='bbox 323 2708 494 2806; x_wconf 78' lang='lat' dir='ltr'>pomoerja</span> <span class='ocrx_word' id='word_1_202' title='bbox 508 2710 609 2801; x_wconf 79' lang='lat' dir='ltr'>sita,</span> <span class='ocrx_word' id='word_1_203' title='bbox 638 2733 676 2784; x_wconf 92' lang='lat' dir='ltr'>ut</span> <span class='ocrx_word' id='word_1_204' title='bbox 703 2716 825 2786; x_wconf 88' lang='lat' dir='ltr'>contra</span> <span class='ocrx_word' id='word_1_205' title='bbox 853 2711 976 2795; x_wconf 83' lang='lat' dir='ltr'>sentire</span> <span class='ocrx_word' id='word_1_206' title='bbox 1004 2711 1083 2784; x_wconf 86' lang='lat' dir='ltr'>alii&#39;s</span> <span class='ocrx_word' id='word_1_207' title='bbox 1099 2736 1179 2790; x_wconf 72' lang='lat' dir='ltr'>vnou</span> <span class='ocrx_word' id='word_1_208' title='bbox 1205 2710 1312 2781; x_wconf 89' lang='lat' dir='ltr'>liceat</span> <span class='ocrx_word' id='word_1_209' title='bbox 1334 2764 1343 2796; x_wconf 90' lang='lat'>‚</span> <span class='ocrx_word' id='word_1_210' title='bbox 1364 2730 1488 2805; x_wconf 79' lang='lat' dir='ltr'>atque</span> <span class='ocrx_word' id='word_1_211' title='bbox 1510 2730 1575 2799; x_wconf 88' lang='lat' dir='ltr'>au·</span> 
     </span>
     <span class='ocr_line' id='line_1_26' title="bbox 195 2806 1574 2913; baseline -0.001 -36"><span class='ocrx_word' id='word_1_212' title='bbox 195 2807 303 2884; x_wconf 83' lang='lat' dir='ltr'>daciae</span> <span class='ocrx_word' id='word_1_213' title='bbox 330 2807 574 2897; x_wconf 77' lang='lat' dir='ltr'>insimulandus</span> <span class='ocrx_word' id='word_1_214' title='bbox 609 2811 730 2905; x_wconf 75' lang='lat' dir='ltr'>veniat</span> <span class='ocrx_word' id='word_1_215' title='bbox 747 2869 764 2907; x_wconf 27' lang='lat' dir='ltr'>,f</span> <span class='ocrx_word' id='word_1_216' title='bbox 794 2811 854 2913; x_wconf 94' lang='lat' dir='ltr'>qui</span> <span class='ocrx_word' id='word_1_217' title='bbox 881 2811 1039 2885; x_wconf 89' lang='lat' dir='ltr'>adversus</span> <span class='ocrx_word' id='word_1_218' title='bbox 1067 2809 1282 2909; x_wconf 85' lang='lat' dir='ltr'>Opinionem</span> <span class='ocrx_word' id='word_1_219' title='bbox 1309 2809 1408 2880; x_wconf 86' lang='lat' dir='ltr'>illam</span> <span class='ocrx_word' id='word_1_220' title='bbox 1436 2806 1472 2877; x_wconf 91' lang='lat' dir='ltr'>in</span> <span class='ocrx_word' id='word_1_221' title='bbox 1500 2830 1574 2876; x_wconf 90' lang='lat' dir='ltr'>are-</span> 
     </span>
     <span class='ocr_line' id='line_1_27' title="bbox 197 2903 1575 3012; baseline -0.004 -32"><span class='ocrx_word' id='word_1_222' title='bbox 197 2933 280 2980; x_wconf 86' lang='lat' dir='ltr'>nam</span> <span class='ocrx_word' id='word_1_223' title='bbox 307 2908 510 2997; x_wconf 85' lang='lat' dir='ltr'>descendat.</span> <span class='ocrx_word' id='word_1_224' title='bbox 538 2915 729 2997; x_wconf 77' lang='lat' dir='ltr'>Innumera‘</span> <span class='ocrx_word' id='word_1_225' title='bbox 754 2911 850 3001; x_wconf 87' lang='lat' dir='ltr'>sunt,</span> <span class='ocrx_word' id='word_1_226' title='bbox 879 2907 1038 3012; x_wconf 47' lang='lat' dir='ltr'>quorum*</span> <span class='ocrx_word' id='word_1_227' title='bbox 1057 2910 1188 2983; x_wconf 85' lang='lat' dir='ltr'>veritas</span> <span class='ocrx_word' id='word_1_228' title='bbox 1213 2909 1250 2982; x_wconf 92' lang='lat' dir='ltr'>in</span> <span class='ocrx_word' id='word_1_229' title='bbox 1278 2903 1489 2983; x_wconf 77' lang='lat' dir='ltr'>abditissimis</span> <span class='ocrx_word' id='word_1_230' title='bbox 1524 2926 1575 2976; x_wconf 89' lang='lat' dir='ltr'>te·</span> 
     </span>
     <span class='ocr_line' id='line_1_28' title="bbox 194 3005 1576 3111; baseline -0.002 -32"><span class='ocrx_word' id='word_1_231' title='bbox 194 3008 330 3098; x_wconf 85' lang='lat' dir='ltr'>nebris,</span> <span class='ocrx_word' id='word_1_232' title='bbox 358 3011 786 3111; x_wconf 75' lang='lat' dir='ltr'>immodeinsuperaiidis,</span> <span class='ocrx_word' id='word_1_233' title='bbox 813 3013 923 3110; x_wconf 84' lang='lat' dir='ltr'>jacet.</span> <span class='ocrx_word' id='word_1_234' title='bbox 952 3018 1119 3085; x_wconf 72' lang='lat' dir='ltr'>Praeterea</span> <span class='ocrx_word' id='word_1_235' title='bbox 1132 3010 1224 3084; x_wconf 89' lang='lat' dir='ltr'>inter</span> <span class='ocrx_word' id='word_1_236' title='bbox 1237 3010 1344 3109; x_wconf 89' lang='lat' dir='ltr'>ipsos,</span> <span class='ocrx_word' id='word_1_237' title='bbox 1376 3005 1576 3108; x_wconf 60' lang='lat' dir='ltr'>qui-Thebe</span> 
     </span>
     <span class='ocr_line' id='line_1_29' title="bbox 195 3105 1587 3200; baseline 0.002 -25"><span class='ocrx_word' id='word_1_238' title='bbox 195 3106 313 3200; x_wconf 79' lang='lat' dir='ltr'>logica</span> <span class='ocrx_word' id='word_1_239' title='bbox 332 3108 451 3189; x_wconf 87' lang='lat' dir='ltr'>laurea</span> <span class='ocrx_word' id='word_1_240' title='bbox 470 3110 589 3183; x_wconf 90' lang='lat' dir='ltr'>ornati</span> <span class='ocrx_word' id='word_1_241' title='bbox 602 3113 798 3199; x_wconf 75' lang='lat' dir='ltr'>incedunt,</span> <span class='ocrx_word' id='word_1_242' title='bbox 812 3139 900 3195; x_wconf 66' lang='lat' dir='ltr'>‚non</span> <span class='ocrx_word' id='word_1_243' title='bbox 920 3113 1036 3186; x_wconf 90' lang='lat' dir='ltr'>desunt</span> <span class='ocrx_word' id='word_1_244' title='bbox 1061 3109 1281 3200; x_wconf 87' lang='lat' dir='ltr'>imbecillia,</span> <span class='ocrx_word' id='word_1_245' title='bbox 1303 3136 1354 3184; x_wconf 87' lang='lat' dir='ltr'>ac</span> <span class='ocrx_word' id='word_1_246' title='bbox 1377 3109 1469 3181; x_wconf 89' lang='lat' dir='ltr'>male</span> <span class='ocrx_word' id='word_1_247' title='bbox 1497 3105 1587 3180; x_wconf 91' lang='lat' dir='ltr'>edu·-</span> 
     </span>
     <span class='ocr_line' id='line_1_30' title="bbox 195 3203 1589 3307; baseline 0.006 -33"><span class='ocrx_word' id='word_1_248' title='bbox 195 3224 274 3275; x_wconf 83' lang='lat' dir='ltr'>cata</span> <span class='ocrx_word' id='word_1_249' title='bbox 300 3203 461 3300; x_wconf 86' lang='lat' dir='ltr'>ingenia.</span> <span class='ocrx_word' id='word_1_250' title='bbox 487 3212 534 3278; x_wconf 84' lang='lat' dir='ltr'>Et</span> <span class='ocrx_word' id='word_1_251' title='bbox 561 3233 606 3279; x_wconf 86' lang='lat' dir='ltr'>ex</span> <span class='ocrx_word' id='word_1_252' title='bbox 634 3207 961 3305; x_wconf 51' lang='lat' dir='ltr'>ipsis,‚Theologis,</span> <span class='ocrx_word' id='word_1_253' title='bbox 990 3213 1027 3280; x_wconf 91' lang='lat' dir='ltr'>iii</span> <span class='ocrx_word' id='word_1_254' title='bbox 1053 3236 1138 3305; x_wconf 89' lang='lat' dir='ltr'>quos</span> <span class='ocrx_word' id='word_1_255' title='bbox 1165 3211 1336 3307; x_wconf 72' lang='lat' dir='ltr'>profusior</span> <span class='ocrx_word' id='word_1_256' title='bbox 1362 3214 1508 3281; x_wconf 72' lang='lat' dir='ltr'>Natura</span> <span class='ocrx_word' id='word_1_257' title='bbox 1525 3205 1589 3284; x_wconf 80' lang='lat' dir='ltr'>li·.</span> 
     </span>
     <span class='ocr_line' id='line_1_31' title="bbox 196 3302 1576 3403; baseline 0 -28"><span class='ocrx_word' id='word_1_258' title='bbox 196 3302 365 3390; x_wconf 50' lang='lat' dir='ltr'>beralitas¹</span> <span class='ocrx_word' id='word_1_259' title='bbox 387 3303 474 3392; x_wconf 89' lang='lat' dir='ltr'>fuit,</span> <span class='ocrx_word' id='word_1_260' title='bbox 502 3305 539 3388; x_wconf 70' lang='lat' dir='ltr'>St</span> <span class='ocrx_word' id='word_1_261' title='bbox 566 3304 688 3403; x_wconf 82' lang='lat' dir='ltr'>quibus</span> <span class='ocrx_word' id='word_1_262' title='bbox 715 3306 864 3399; x_wconf 63' lang='lat' dir='ltr'>majores¹</span> <span class='ocrx_word' id='word_1_263' title='bbox 891 3307 983 3378; x_wconf 90' lang='lat' dir='ltr'>vires</span> <span class='ocrx_word' id='word_1_264' title='bbox 1009 3307 1107 3379; x_wconf 88' lang='lat' dir='ltr'>addit</span> <span class='ocrx_word' id='word_1_265' title='bbox 1134 3309 1315 3378; x_wconf 89' lang='lat' dir='ltr'>contentio</span> <span class='ocrx_word' id='word_1_266' title='bbox 1341 3307 1441 3377; x_wconf 90' lang='lat' dir='ltr'>studii</span> <span class='ocrx_word' id='word_1_267' title='bbox 1470 3327 1576 3402; x_wconf 89' lang='lat' dir='ltr'>atque</span> 
     </span>
     <span class='ocr_line' id='line_1_32' title="bbox 195 3401 1586 3503; baseline -0.001 -27"><span class='ocrx_word' id='word_1_268' title='bbox 195 3401 460 3496; x_wconf 78' lang='lat' dir='ltr'>meditationis,</span> <span class='ocrx_word' id='word_1_269' title='bbox 489 3429 676 3503; x_wconf 88' lang='lat' dir='ltr'>quemnam</span> <span class='ocrx_word' id='word_1_270' title='bbox 701 3402 879 3493; x_wconf 81' lang='lat' dir='ltr'>ostendas,</span> <span class='ocrx_word' id='word_1_271' title='bbox 907 3425 980 3476; x_wconf 87' lang='lat' dir='ltr'>tam</span> <span class='ocrx_word' id='word_1_272' title='bbox 1008 3403 1116 3475; x_wconf 85' lang='lat' dir='ltr'>firmis</span> <span class='ocrx_word' id='word_1_273' title='bbox 1142 3403 1283 3500; x_wconf 88' lang='lat' dir='ltr'>passibus</span> <span class='ocrx_word' id='word_1_274' title='bbox 1306 3404 1342 3474; x_wconf 92' lang='lat' dir='ltr'>in</span> <span class='ocrx_word' id='word_1_275' title='bbox 1365 3401 1586 3499; x_wconf 69' lang='lat' dir='ltr'>investigem</span> 
     </span>
     <span class='ocr_line' id='line_1_33' title="bbox 195 3497 1577 3602; baseline 0 -31"><span class='ocrx_word' id='word_1_276' title='bbox 195 3504 240 3597; x_wconf 79' lang='lat' dir='ltr'>ila</span> <span class='ocrx_word' id='word_1_277' title='bbox 267 3501 426 3576; x_wconf 89' lang='lat' dir='ltr'>Veritate</span> <span class='ocrx_word' id='word_1_278' title='bbox 453 3501 719 3600; x_wconf 80' lang='lat' dir='ltr'>procedentem,</span> <span class='ocrx_word' id='word_1_279' title='bbox 748 3523 785 3576; x_wconf 94' lang='lat' dir='ltr'>ut</span> <span class='ocrx_word' id='word_1_280' title='bbox 812 3505 937 3576; x_wconf 82' lang='lat' dir='ltr'>ceteris</span> <span class='ocrx_word' id='word_1_281' title='bbox 964 3503 1114 3602; x_wconf 80' lang='lat' dir='ltr'>ingeniis</span> <span class='ocrx_word' id='word_1_282' title='bbox 1139 3504 1287 3576; x_wconf 86' lang='lat' dir='ltr'>facultas</span> <span class='ocrx_word' id='word_1_283' title='bbox 1308 3523 1428 3600; x_wconf 86' lang='lat' dir='ltr'>erepta</span> <span class='ocrx_word' id='word_1_284' title='bbox 1446 3497 1484 3573; x_wconf 93' lang='lat' dir='ltr'>sit</span> <span class='ocrx_word' id='word_1_285' title='bbox 1505 3525 1577 3574; x_wconf 86' lang='lat' dir='ltr'>me·</span> 
     </span>
     <span class='ocr_line' id='line_1_34' title="bbox 196 3599 1578 3705; baseline -0.001 -31"><span class='ocrx_word' id='word_1_286' title='bbox 196 3602 296 3675; x_wconf 83' lang='lat' dir='ltr'>liora.</span> <span class='ocrx_word' id='word_1_287' title='bbox 313 3601 505 3691; x_wconf 81' lang='lat' dir='ltr'>sentiendi?</span> <span class='ocrx_word' id='word_1_288' title='bbox 530 3605 660 3684; x_wconf 83' lang='lat' dir='ltr'>Hercle</span> <span class='ocrx_word' id='word_1_289' title='bbox 689 3601 819 3684; x_wconf 70' lang='lat' dir='ltr'>videasv</span> <span class='ocrx_word' id='word_1_290' title='bbox 836 3602 961 3676; x_wconf 77' lang='lat' dir='ltr'>Suasio</span> <span class='ocrx_word' id='word_1_291' title='bbox 988 3602 1072 3703; x_wconf 83' lang='lat' dir='ltr'>ipsi,</span> <span class='ocrx_word' id='word_1_292' title='bbox 1100 3629 1313 3705; x_wconf 89' lang='lat' dir='ltr'>quamquain</span> <span class='ocrx_word' id='word_1_293' title='bbox 1341 3599 1578 3700; x_wconf 87' lang='lat' dir='ltr'>singularisin-</span> 
     </span>
     <span class='ocr_line' id='line_1_35' title="bbox 196 3699 1584 3805; baseline 0 -31"><span class='ocrx_word' id='word_1_294' title='bbox 196 3701 291 3798; x_wconf 78' lang='lat' dir='ltr'>genii</span> <span class='ocrx_word' id='word_1_295' title='bbox 318 3700 547 3787; x_wconf 75' lang='lat' dir='ltr'>&amp;dobiiin-ac</span> <span class='ocrx_word' id='word_1_296' title='bbox 577 3703 677 3793; x_wconf 86' lang='lat' dir='ltr'>uiro,</span> <span class='ocrx_word' id='word_1_297' title='bbox 707 3704 814 3795; x_wconf 90' lang='lat' dir='ltr'>alios,</span> <span class='ocrx_word' id='word_1_298' title='bbox 841 3724 946 3804; x_wconf 90' lang='lat' dir='ltr'>atque</span> <span class='ocrx_word' id='word_1_299' title='bbox 973 3731 1018 3778; x_wconf 83' lang='lat' dir='ltr'>ex</span> <span class='ocrx_word' id='word_1_300' title='bbox 1044 3705 1116 3805; x_wconf 91' lang='lat' dir='ltr'>ipso</span> <span class='ocrx_word' id='word_1_301' title='bbox 1142 3703 1201 3779; x_wconf 88' lang='lat' dir='ltr'>suo</span> <span class='ocrx_word' id='word_1_302' title='bbox 1226 3701 1419 3778; x_wconf 76' lang='lat' dir='ltr'>doslilsimo</span> <span class='ocrx_word' id='word_1_303' title='bbox 1445 3699 1584 3774; x_wconf 60' lang='lat' dir='ltr'>institue·-</span> 
     </span>
     <span class='ocr_line' id='line_1_36' title="bbox 197 3802 1581 3904; baseline 0.001 -32"><span class='ocrx_word' id='word_1_304' title='bbox 197 3802 582 3887; x_wconf 32' lang='lat' dir='ltr'>to,·c0nrradi&#39;centes=.</span> <span class='ocrx_word' id='word_1_305' title='bbox 611 3805 709 3891; x_wconf 85' lang='lat' dir='ltr'>Idem</span> <span class='ocrx_word' id='word_1_306' title='bbox 734 3803 778 3890; x_wconf 71' lang='grc' dir='ltr'>,ὃς</span> <span class='ocrx_word' id='word_1_307' title='bbox 804 3803 882 3877; x_wconf 88' lang='lat' dir='ltr'>aliis</span> <span class='ocrx_word' id='word_1_308' title='bbox 908 3805 1088 3904; x_wconf 84' lang='lat' dir='ltr'>contigit,</span> <span class='ocrx_word' id='word_1_309' title='bbox 1114 3805 1151 3879; x_wconf 90' lang='lat'>&amp;</span> <span class='ocrx_word' id='word_1_310' title='bbox 1202 3803 1336 3879; x_wconf 86' lang='lat' dir='ltr'>uotidie</span> <span class='ocrx_word' id='word_1_311' title='bbox 1367 3803 1581 3900; x_wconf 73' lang='lat' dir='ltr'>contingit.¹</span> 
     </span>
     <span class='ocr_line' id='line_1_37' title="bbox 198 3832 1582 4004; baseline 0 -31"><span class='ocrx_word' id='word_1_312' title='bbox 198 3904 324 3999; x_wconf 78' lang='lat' dir='ltr'>Neque</span> <span class='ocrx_word' id='word_1_313' title='bbox 353 3902 502 3993; x_wconf 89' lang='lat' dir='ltr'>mirum,</span> <span class='ocrx_word' id='word_1_314' title='bbox 532 3929 644 4000; x_wconf 89' lang='lat' dir='ltr'>quum</span> <span class='ocrx_word' id='word_1_315' title='bbox 666 3905 727 3976; x_wconf 90' lang='lat' dir='ltr'>vel</span> <span class='ocrx_word' id='word_1_316' title='bbox 753 3904 795 3977; x_wconf 89' lang='lat' dir='ltr'>ab</span> <span class='ocrx_word' id='word_1_317' title='bbox 821 3904 893 4004; x_wconf 89' lang='lat' dir='ltr'>ipso</span> <span class='ocrx_word' id='word_1_318' title='bbox 919 3906 1093 4002; x_wconf 86' lang='lat' dir='ltr'>Angelico</span> <span class='ocrx_word' id='word_1_319' title='bbox 1118 3832 1301 3996; x_wconf 63' lang='lat' dir='ltr'>Dollore,</span> <span class='ocrx_word' id='word_1_320' title='bbox 1326 3904 1433 3976; x_wconf 92' lang='lat' dir='ltr'>cuiin</span> <span class='ocrx_word' id='word_1_321' title='bbox 1460 3904 1582 3975; x_wconf 86' lang='lat' dir='ltr'>Eccle-</span> 
     </span>
    </p>
   </div>
   <div class='ocr_carea' id='block_1_3' title="bbox 195 3999 1586 4574">
    <p class='ocr_par' dir='ltr' id='par_1_3' title="bbox 195 3999 1586 4511">
     <span class='ocr_line' id='line_1_38' title="bbox 197 3999 1580 4104; baseline 0.005 -37"><span class='ocrx_word' id='word_1_322' title='bbox 197 3999 240 4075; x_wconf 82' lang='lat' dir='ltr'>sia</span> <span class='ocrx_word' id='word_1_323' title='bbox 268 4001 339 4075; x_wconf 90' lang='lat' dir='ltr'>Dei</span> <span class='ocrx_word' id='word_1_324' title='bbox 376 4004 474 4100; x_wconf 86' lang='lat' dir='ltr'>supra</span> <span class='ocrx_word' id='word_1_325' title='bbox 510 4003 1129 4104; x_wconf 79' lang='lat' dir='ltr'>Theologosreliquosveneratio</span> <span class='ocrx_word' id='word_1_326' title='bbox 1166 4003 1503 4101; x_wconf 84' lang='lat' dir='ltr'>majordeseitur,</span> <span class='ocrx_word' id='word_1_327' title='bbox 1540 4001 1580 4074; x_wconf 73' lang='grc' dir='ltr'>δε</span> 
     </span>
     <span class='ocr_line' id='line_1_39' title="bbox 198 4096 1581 4204; baseline 0 -32"><span class='ocrx_word' id='word_1_328' title='bbox 198 4125 305 4198; x_wconf 90' lang='lat' dir='ltr'>quem</span> <span class='ocrx_word' id='word_1_329' title='bbox 330 4101 501 4199; x_wconf 85' lang='lat' dir='ltr'>pleraeque</span> <span class='ocrx_word' id='word_1_330' title='bbox 530 4102 681 4176; x_wconf 18' lang='lat' dir='ltr'>Schola-n</span> <span class='ocrx_word' id='word_1_331' title='bbox 691 4103 909 4202; x_wconf 88' lang='lat' dir='ltr'>sequuntur,</span> <span class='ocrx_word' id='word_1_332' title='bbox 946 4105 1009 4177; x_wconf 88' lang='lat' dir='ltr'>alii</span> <span class='ocrx_word' id='word_1_333' title='bbox 1035 4104 1072 4177; x_wconf 93' lang='lat' dir='ltr'>in</span> <span class='ocrx_word' id='word_1_334' title='bbox 1098 4124 1152 4177; x_wconf 86' lang='lat' dir='ltr'>tot</span> <span class='ocrx_word' id='word_1_335' title='bbox 1179 4103 1422 4204; x_wconf 74' lang='lat' dir='ltr'>quaestionibus</span> <span class='ocrx_word' id='word_1_336' title='bbox 1440 4096 1581 4178; x_wconf 76' lang='lat' dir='ltr'>··dissen·³</span> 
     </span>
     <span class='ocr_line' id='line_1_40' title="bbox 195 4201 1581 4300; baseline 0.002 -29"><span class='ocrx_word' id='word_1_337' title='bbox 195 4201 327 4288; x_wconf 82' lang='lat' dir='ltr'>tiant,¹</span> <span class='ocrx_word' id='word_1_338' title='bbox 355 4225 394 4272; x_wconf 92' lang='lat' dir='ltr'>ac</span> <span class='ocrx_word' id='word_1_339' title='bbox 422 4202 594 4276; x_wconf 80' lang='lat' dir='ltr'>dissentire</span> <span class='ocrx_word' id='word_1_340' title='bbox 616 4205 857 4290; x_wconf 40' lang='lat' dir='ltr'>‚temerarium</span> <span class='ocrx_word' id='word_1_341' title='bbox 884 4204 1016 4276; x_wconf 89' lang='lat' dir='ltr'>nemini</span> <span class='ocrx_word' id='word_1_342' title='bbox 1033 4204 1208 4278; x_wconf 85' lang='lat' dir='ltr'>¹videatur</span> <span class='ocrx_word' id='word_1_343' title='bbox 1228 4257 1237 4277; x_wconf 90' lang='lat'><em>.</em></span> <span class='ocrx_word' id='word_1_344' title='bbox 1257 4207 1402 4284; x_wconf 54' lang='lat' dir='ltr'>,Immo</span> <span class='ocrx_word' id='word_1_345' title='bbox 1425 4203 1581 4300; x_wconf 82' lang='lat' dir='ltr'>integras</span> 
     </span>
     <span class='ocr_line' id='line_1_41' title="bbox 199 4298 1580 4385; baseline 0.001 -14"><span class='ocrx_word' id='word_1_346' title='bbox 199 4298 342 4373; x_wconf 85' lang='lat' dir='ltr'>Scholas</span> <span class='ocrx_word' id='word_1_347' title='bbox 364 4299 459 4376; x_wconf 88' lang='lat' dir='ltr'>inter</span> <span class='ocrx_word' id='word_1_348' title='bbox 485 4304 502 4385; x_wconf 91' lang='lat' dir='ltr'>s</span> <span class='ocrx_word' id='word_1_349' title='bbox 542 4303 579 4375; x_wconf 89' lang='lat' dir='ltr'>in</span> <span class='ocrx_word' id='word_1_350' title='bbox 605 4323 659 4374; x_wconf 93' lang='lat' dir='ltr'>tot</span> <span class='ocrx_word' id='word_1_351' title='bbox 686 4302 932 4376; x_wconf 90' lang='lat' dir='ltr'>controversiis</span> <span class='ocrx_word' id='word_1_352' title='bbox 957 4303 1125 4377; x_wconf 87' lang='lat' dir='ltr'>discordes</span> <span class='ocrx_word' id='word_1_353' title='bbox 1151 4303 1209 4376; x_wconf 94' lang='lat' dir='ltr'>sub</span> <span class='ocrx_word' id='word_1_354' title='bbox 1235 4303 1345 4378; x_wconf 83' lang='lat' dir='ltr'>oculis</span> <span class='ocrx_word' id='word_1_355' title='bbox 1381 4303 1580 4385; x_wconf 56' lang='lat' dir='ltr'>habemus,</span> 
     </span>
     <span class='ocr_line' id='line_1_42' title="bbox 199 4401 1586 4511; baseline 0.004 -41"><span class='ocrx_word' id='word_1_356' title='bbox 199 4403 319 4489; x_wconf 79' lang='lat' dir='ltr'>Quare</span> <span class='ocrx_word' id='word_1_357' title='bbox 347 4401 498 4499; x_wconf 41' lang='lat' dir='ltr'>quisque,</span> <span class='ocrx_word' id='word_1_358' title='bbox 514 4401 689 4500; x_wconf 80' lang='lat' dir='ltr'>intelligat</span> <span class='ocrx_word' id='word_1_359' title='bbox 711 4457 722 4491; x_wconf 92' lang='lat'>,</span> <span class='ocrx_word' id='word_1_360' title='bbox 760 4428 828 4499; x_wconf 92' lang='lat' dir='ltr'>quo</span> <span class='ocrx_word' id='word_1_361' title='bbox 847 4404 984 4511; x_wconf 76' lang='lat' dir='ltr'>plaqsus</span> <span class='ocrx_word' id='word_1_362' title='bbox 1004 4401 1042 4476; x_wconf 87' lang='lat' dir='ltr'>sit</span> <span class='ocrx_word' id='word_1_363' title='bbox 1070 4404 1295 4503; x_wconf 82' lang='lat' dir='ltr'>excipiendus</span> <span class='ocrx_word' id='word_1_364' title='bbox 1316 4448 1348 4496; x_wconf 72' lang='grc' dir='ltr'>,ς</span> <span class='ocrx_word' id='word_1_365' title='bbox 1363 4405 1424 4505; x_wconf 85' lang='lat' dir='ltr'>qui</span> <span class='ocrx_word' id='word_1_366' title='bbox 1450 4424 1586 4503; x_wconf 79' lang='lat' dir='ltr'>paucos.-</span> 
     </span>
    </p>

    <p class='ocr_par' dir='ltr' id='par_1_4' title="bbox 900 4501 1581 4574">
     <span class='ocr_line' id='line_1_43' title="bbox 900 4501 1581 4574; baseline -0.004 0"><span class='ocrx_word' id='word_1_367' title='bbox 900 4533 903 4539; x_wconf 78' lang='grc'>’</span> <span class='ocrx_word' id='word_1_368' title='bbox 1461 4501 1581 4574; x_wconf 83' lang='lat' dir='ltr'>Thec-</span> 
     </span>
    </p>
   </div>
   <div class='ocr_carea' id='block_1_4' title="bbox 0 0 1819 5400">
    <p class='ocr_par' dir='ltr' id='par_1_5' title="bbox 0 0 1819 5400">
     <span class='ocr_line' id='line_1_44' title="bbox 0 0 1819 5400; baseline 0 0"><span class='ocrx_word' id='word_1_369' title='bbox 0 0 1819 5400; x_wconf 95' lang='lat' dir='ltr'> </span> 
     </span>
    </p>
   </div>
  </div>
 </body>
</html>
