3554 5384
564 87 710 206 ⁴Caput
744 94 969 213 Quintum:
1420 90 1472 203 33.

1449 164 1467 204 ἃ

82 238 172 327 'tum
186 236 371 321 ¹Caritatis
398 238 440 316 de
460 235 680 345 procuranda
700 240 787 316 Vita
807 238 978 342 spirituali
1000 226 1168 314 Proximo
1192 230 1330 339 noslro.
1357 243 1400 316 I'n
1419 240 1471 316 hi·

65 262 122 426 sce
145 340 278 423 'casibus
299 342 378 418 veri
396 369 434 416 ac
453 340 630 444 prudentis
655 340 847 416 Christiani
869 341 915 415 est
940 339 1062 414 Vitam
1090 339 1292 442 impendere
1315 401 1326 436 ,
1362 340 1386 413 sr
1412 367 1470 416 oc·

68 448 169 525 c'afio'
192 436 228 520 id
249 436 395 545 postulet
420 500 431 534 ,
459 443 541 544 quia
566 446 714 516 Certum
741 441 881 541 quidem
907 441 999 514 Vitae
1025 441 1146 514 nollrae
1172 444 1308 513 Bonum
1334 443 1469 534 datur,

69 542 128 625 sed
155 548 260 620 datur
285 569 350 642 pro
371 543 721 643 alterossonoraeque
741 547 869 630 Certo,
896 567 938 614 ac
960 541 1094 640 insuper
1109 539 1233 636 majori
1256 565 1296 612 ac
1316 543 1471 642 praestan·

73 639 184 736 tiori,
211 669 320 745 quam
345 642 434 716 Vita
460 637 593 738 nostra3
618 635 676 716 aut
701 642 859 716 evitatur
879 644 1001 714 Morte
1021 641 1134 714 nostra
1150 642 1290 737 Malum
1310 649 1471 735 Certum,

68 742 243 848 simulque
269 744 374 842 longe
395 743 526 842 majus,
554 743 655 842 quale
681 741 726 815 est
736 747 945 816 Peccatum.
970 739 1115 814 Constat
1144 740 1273 830 etiam,
1300 743 1349 817 ita
1369 769 1473 841 agen·

10 896 30 932 a
72 849 169 923 tibus
189 842 418 946 paratamesse
431 843 468 915 in
491 844 586 914 coelis
607 842 786 939 ingentem
813 869 833 914 a
854 845 934 913 Deo
956 861 1219 915 remuneratore
1240 841 1440 916 mercedem

73 952 161 1043 Haec
177 954 294 1039 certa.
313 931 491 1042 „Attamen
511 943 716 1042 plerumque
742 942 778 1014 in
798 939 1025 1014 Prudentiam
1044 961 1205 1040 peccaret
1226 1000 1236 1035 ,
1269 942 1330 1042 qui
1379 944 1472 1016 alam

74 1044 266 1135 praedlcare
295 1043 425 1140 Christi
452 1040 579 1115 Fidem
595 1041 687 1139 inter
705 1045 839 1114 Turcas
860 1040 998 1114 vellet.
1036 1045 1111 1116 Cur
1139 1041 1280 1144 quaeso?
1304 970 1376 1116 nili
1391 1042 1473 1144 quia

74 1136 377 1243 issetfineertum,
406 1168 449 1215 an
477 1142 669 1256 quidquam
695 1140 881 1242 spiritualis
891 1139 1022 1215 frudius
1033 1141 1113 1217 inde
1124 1144 1410 1244 consequeretur,
1437 1143 1474 1216 dc

73 1236 201 1319 contra
238 1246 316 1318 esset
353 1265 449 1317 certa
486 1243 579 1316 illius
615 1259 740 1333 mors,
787 1263 952 1342 certoque
987 1241 1180 1338 discrimini
1216 1265 1475 1342 exponerentur

70 1343 204 1446 reliqui
229 1342 369 1417 Fideles
396 1343 434 1416 in
459 1345 657 1437 Turcarum
683 1341 818 1416 ditione
846 1343 1040 1440 degentes.
1067 1349 1113 1417 Et
1140 1369 1353 1444 quamquam
1380 1341 1474 1416 norit

71 1442 250 1545 unusquis
267 1470 308 1515 ue
335 1442 543 1534 Fidelium‚
583 1443 741 1520 confiteri
779 1438 957 1516 Chrillum
990 1468 1111 1516 coram
1144 1443 1376 1534 hominibus,
1412 1441 1477 1514 Vi·

71 1565 224 1644 tamque
243 1466 333 1614 (dare
368 1561 432 1642 pro
468 1543 537 1638 ejus
563 1543 707 1617 nomine
740 1545 805 1634 esse
836 1542 1025 1640 gloriosum
1061 1568 1146 1642 opus
1171 1543 1315 1617 Amoris
1340 1543 1413 1639 Dei
1439 1541 1476 1616 dt

73 1639 343 1740 Fortitudinis,
371 1642 436 1736 cui
449 1667 520 1715 non
541 1641 653 1737 deerit
675 1664 840 1716 aeternum
860 1666 899 1715 ac
919 1642 1038 1740 ingens
1059 1669 1078 1716 a
1098 1648 1180 1718 Deo
1190 1643 1398 1756 ptaemium:
1426 1663 1478 1714 at·

63 1744 205 1841 'tamen
223 1731 281 1814 'ne'
298 1738 446 1813 arbitrio
473 1739 616 1841 quidem
640 1743 756 1816 nostro
783 1742 864 1816 dare
880 1742 1007 1815 Vitam
1027 1757 1091 1842 pro
1110 1743 1251 1832 Christo
1270 1742 1353 1816 licet
1375 1799 1384 1831 ,
1424 1738 1478 1813 sed

62 1862 156 1917 tum
186 1838 297 1942 solum
322 1863 586 1941 quumflcertum
608 1842 674 1931 est,
702 1845 822 1915 Deum
843 1842 1026 1940 exposcere
1048 1843 1216 1933 anobis,
1253 1862 1313 1918 aut
1336 1838 1479 1940 gratum'

60 1938 289 2041 habiturum
316 1940 378 2012 esse
400 1940 593 2030 hujusmodi
616 1941 844 2016 sacrificium.
872 1943 974 2016 Olim
994 1942 1140 2017 minime
1160 1941 1294 2017 laudati
1317 1998 1327 2032 ‚
1365 1941 1480 2014 immo

54 2038 278 2142 improbati
292 2041 388 2114 suere
400 2039 613 2135 Christiani,
642 2063 747 2142 atque
760 2068 777 2114 e
789 2046 994 2136 Martyrum
1007 2042 1197 2142 Diptychis
1212 2036 1481 2140 nonnumquam

60 2138 233 2233 exclusi,
261 2138 323 2241 qui
349 2139 488 2238 sponte,
518 2166 557 2212 ac
583 2139 653 2237 fine
672 2143 891 2229 necessitate,
928 2143 959 2213 se
980 2142 1011 2214 se
1028 2141 1207 2236 Tyrannis
1234 2141 1408 2215 necandos
1433 2141 1483 2212 osu

56 2240 265 2338 ferebant,
291 2236 328 2313 dc
353 2264 477 2312 contra
498 2239 525 2310 ii
546 2240 688 2315 tantum
703 2240 963 2329 commendati,
991 2241 1052 2340 qui
1073 2265 1226 2314 mortem
1250 2268 1323 2315 non
1349 2241 1481 2340 impro·

57 2339 169 2438 vi'de
194 2336 389 2438 quaestam,
417 2338 454 2435 de
482 2364 588 2438 quam
610 2341 745 2413 evitare
774 2341 843 2412 alia
869 2341 1006 2413 ratione
1030 2367 1100 2413 non
1118 2361 1302 2440 poterant,
1330 2339 1483 2436 nisrpec-

53 2436 200 2514 'cando
221 2437 258 2511 in
283 2442 422 2529 Deum,
450 2438 555 2529 sorti,
583 2434 787 2538 invidloque
809 2438 928 2512 animo
955 2465 1017 2538 pro
1043 2445 1124 2512 Deo
1149 2440 1366 2515 tolerabant.
1393 2442 1482 2512 Sunt

61 2541 113 2614 'sn
138 2538 234 2610 hanc
255 2562 330 2637 rem
350 2537 548 2612 Clementis
570 2538 829 2628 Alexandrini,
856 2537 1047 2638 Origenis,
1073 2538 1282 2631 Athanasii,
1321 2537 1482 2615 Nazian-

61 2638 186 2737 ‘zsni,
213 2632 436 2740 aliorumque
461 2642 607 2714 Parrum
628 2639 736 2716 verba
756 2639 906 2738 diserta.

444 2842 934 2967 ,cnrur
1014 2845 1077 2969 hv.

1466 2933 1475 2967 l

90 3046 848 3167 Adlrgirsanliifflmasmiazimesprllat
871 3059 990 3167 effirfio
1008 3061 1219 3166 Sanguinis
1236 3088 1300 3168 pro
1326 3057 1475 3163 tuenda

148 3179 407 3259 Immnnitate
428 3177 618 3283 Virginis.
650 3177 786 3277 Neque
797 3173 857 3256 ad
872 3173 1037 3255 tutelam
1057 3176 1299 3255 Sannrtaru
1321 3179 1481 3254 Maria·

106 3320 109 3325 ’
143 3320 240 3373 .n.ae.·:
264 3289 391 3372 Aliud
400 3299 537 3374 Pietas
550 3291 765 3398 Intrinsi’ra
776 3356 788 3395 ,
809 3288 1170 3398 aliadopinatioa.
1189 3287 1478 3395 Adquamnam

147 3430 191 3492 tx
207 3405 269 3488 his
298 3408 498 3515 refhrenda
526 3407 935 3524 darentiascotiflica
949 3406 997 3490 de
1014 3409 1478 3518 conceptionemque.

105 3719 109 3727 ,
202 3642 401 3730 Credamus
427 3671 516 3721 nune
553 3642 696 3722 tandem
724 3643 767 3720 ad
793 3641 1052 3740 Qrastionem,
1080 3659 1156 3748 quae
1191 3643 1275 3718 huic
1312 3638 1490 3742 Opusculo

120 3828 125 3835 ι
218 3744 368 3837 caussam
394 3744 513 3820 dedit.
540 3751 665 3822 Censet
691 3747 1009 3842 Parthenotitnus,
1044 3773 1114 3821 non
1140 3746 1249 3819 solum
1275 3742 1404 3833 licere,
1432 3737 1490 3813 sed

97 3836 266 3929 laudabile
299 3843 401 3947 iesse„
438 3845 594 3944 jugulum
633 3845 790 3933 carnifici
819 3845 943 3921 offerre
973 3872 1038 3948 pro
1066 3845 1194 3921 tuenda
1229 3843 1389 3919 Veritate
1423 3840 1492 3916 sen·

93 3939 239 4036 tentia,
276 3943 492 4027 excludentis
528 3973 549 4020 a
585 3947 743 4046 Deipara
781 3947 955 4033 matulam
990 3944 1186 4047 originalis
1221 3942 1391 4045 peccati,
1427 3941 1493 4013 im·

94 4059 152 4109 mo
187 4041 280 4132 tanti
303 4044 418 4144 'pretii
437 4073 495 4139 ,ac
532 4045 653 4131 meriti
688 4048 845 4122 futurum
879 4044 947 4129 hoc
984 4056 1069 4147 opus
1100 4104 1111 4139 ,
1147 4066 1184 4120 ut
1220 4041 1396 4137 Martyris
1431 4064 1493 4114 no·

93 4142 407 4239 mefnnegandum
428 4172 499 4219 non
519 4145 560 4220 fit
597 4145 708 4247 pugili
743 4168 818 4220 tam
854 4142 1047 4246 generoso.
1083 4151 1218 4219 Contra
1255 4142 1363 4218 sentio
1399 4149 1492 4238 e'go,

77 4260 160 4345 ‘non
192 4241 307 4317 'solum
341 4243 459 4318 laudess
481 4245 697 4346 indignum,
738 4259 848 4348 eoque
886 4245 997 4345 magis
1023 4243 1198 4339 Martyrii
1229 4254 1362 4317 corona
1388 4250 1492 4336 atque

1099 4374 1101 4377 .
1434 4361 1492 4435 ap,
1554 4421 1559 4427 ὁ
