3554 5384
489 247 622 350 Caput
652 243 691 319 V
688 241 1040 351 igefimiimfhxtom.
1376 281 1454 356 213

63 384 259 491 discrimine
283 394 468 464 remotior.
503 394 572 461 Tot
604 386 759 461 barbarior
790 391 974 484 Sapientia
992 389 1157 486 salutaris
1175 389 1292 489 somer
1316 397 1456 485 vivar,·

63 509 109 570 lie
158 491 264 589 uaesir,
292 489 450 586 cisteraar
475 488 653 589 diffipatas
672 487 857 586 fodiendo,
885 516 940 562 nos
966 487 1072 589 caffa,
1100 496 1196 564 imma
1214 493 1341 591 stulto,
1369 485 1458 570 labo-⁵

64 619 102 668 re
119 522 329 692 irrigemur.
355 596 475 690 Quam
502 591 712 690 postremam
740 587 948 663 sententiam
975 591 1167 682 adhibuit,
1203 613 1241 665 ut
1269 596 1369 694 supra
1406 596 1459 670 vi·

64 686 205 782 dimus,
233 692 344 765 etiam
372 689 518 766 Saucius
546 692 626 764 Pius
651 694 697 762 V.
725 691 761 762 in
787 691 844 764 sua
869 688 1131 767 Constitutione
1158 691 1458 795 deConceptione

64 785 255 895 Deiparae.
284 799 330 866 Et
359 819 439 866 ecce
467 819 575 895 quani
603 788 754 891 apposite
769 791 812 864 ad
839 817 914 864 rem
942 794 1093 866 nostram
1121 793 1311 868 Gersonius
1338 797 1462 871 &No-

66 917 210 969 vatores
237 893 334 992 pios,
362 893 398 968 dc
426 889 620 968 Novitates
647 892 869 992 Opinionum
896 895 1067 994 castigat,
1106 915 1210 995 atque
1251 896 1458 984 aScholis,

65 1011 176 1094 eoque
204 992 317 1091 magis
345 1021 365 1067 a
392 992 514 1095 Populi
542 993 682 1087 auribus
710 1014 845 1066 amotas
872 994 991 1095 cupit.
1019 996 1239 1095 Agnoscebat
1267 997 1362 1071 enim
1402 998 1458 1069 vir

65 1121 236 1193 magnus,
263 1094 380 1192 facile
397 1122 442 1168 ex
469 1087 663 1189 hujusmodi
691 1093 836 1167 licentio
862 1094 1030 1193 dogmata
1057 1095 1207 1169 nimium
1248 1101 1339 1175 male
1377 1098 1458 1172 sana

65 1197 210 1270 effluere
225 1188 335 1296 posse.
361 1199 407 1268 Et
423 1189 465 1268 ad
491 1193 766 1292 Superstitionem
778 1195 871 1296 quod
885 1197 1034 1288 attinet,
1060 1197 1129 1295 jam
1143 1194 1288 1272 Sandlus
1298 1199 1459 1273 Thomas

63 1292 135 1370 haec
163 1295 396 1394 jamdiu'nos
423 1297 544 1392 docuit
572 1322 608 1395 2,
635 1321 669 1368 2.
709 1295 836 1386 Qpaest.
866 1321 925 1392 92.
959 1302 1041 1372 Art.
1081 1322 1111 1370 1.
1149 1297 1352 1396 Superstitio
1386 1298 1457 1474 Ἄ),

63 1398 194 1492 quando
219 1392 397 1469 traditioni
422 1395 572 1469 bumana
596 1397 789 1491 Religionis
814 1421 927 1470 nomen
953 1399 1163 1495 applicatur.
1191 1401 1323 1500 Utique
1346 1426 1384 1474 re
1421 1400 1459 1474 is·

62 1498 167 1570 sime.
195 1489 292 1572 Nam
320 1517 356 1570 ut
384 1497 523 1570 monuit
550 1493 697 1570 Saucius
715 1496 924 1598 Augustinus
950 1499 1061 1572 Libro
1088 1500 1130 1572 de
1157 1503 1241 1574 Vei.
1269 1501 1459 1602 Religione

62 1591 151 1696 Cap.
178 1601 258 1670 LV.
286 1597 466 1671 statuenda
493 1624 563 1674 iion
591 1598 637 1671 est
663 1595 801 1692 Religio
827 1603 864 1671 io
885 1594 1181 1697 phantasmatibus
1201 1601 1352 1700 nostrii.
1388 1606 1461 1675 Lu·
1494 1658 1496 1662 -

63 1698 235 1791 culentius
261 1700 371 1772 etiam
400 1721 555 1773 mentem
583 1699 678 1772 suam
706 1697 863 1799 expressit
891 1699 985 1774 idem
1011 1701 1204 1800 Angelicus
1241 1702 1368 1795 Qiaest.
1397 1727 1459 1801 93.
1488 1750 1489 1753 =

61 1797 217 1890 ibidem,
244 1791 344 1874 artic.
375 1825 410 1874 a.
438 1800 588 1874 scribens
616 1829 630 1870 .·
654 1803 697 1872 si
722 1801 805 1895 qaid
830 1801 879 1897 esl
898 1822 1023 1895 prater
1047 1806 1121 1874 Dei
1143 1798 1193 1878 ¹C‘J‘
1218 1801 1460 1899 Eccleſsaecao·
1527 1887 1528 1897 χ

54 1897 285 1996 stitutionem,
314 1928 386 1996 qoae
404 1901 587 1997 secondom
615 1901 841 1994 Augosliaom
867 1901 905 1969 io
930 1898 1085 1995 Epistola
1112 1901 1172 1974 86.
1205 1900 1364 1995 prolege
1395 1899 1459 1970 ba-

60 1996 168 2072 bendo
193 2000 265 2098 est,
292 2020 396 2072 totam
422 1997 482 2070 bac
508 1995 728 2094 reputandum
754 2002 780 2070 5
781 1994 968 2097 operstiaoiia
994 2000 1041 2075 Φ
1066 1998 1371 2098 προψίιίοβιω.
1410 2004 1462 2087 Et,

60 2114 129 2174 nos‘
151 2101 227 2174 sane
255 2116 379 2200 parum
405 2098 603 2190 laudandi,
657 2098 771 2172 uoties
804 2098 1004 2172 novitatem
1041 2096 1168 2201 ubique
1206 2098 1459 2196 desiderantes,

61 2203 273 2302 contemptis
311 2213 371 2274 au't
407 2201 576 2300 neglesiis
612 2127 730 2273 sdiidis
767 2197 912 2275 Pietatis
948 2200 1272 2293 exercitamentis,
1311 2220 1459 2304 nuperas

60 2296 224 2398 'quasdam
251 2299 536 2376 Devotiunculas
563 2301 703 2402 quantis
739 2303 909 2401 possumus
948 2301 1067 2377 nervis
1094 2306 1381 2402 promovemus,
1409 2324 1459 2394 at·

58 2425 127 2499 que
154 2405 191 2475 in
218 2401 261 2474 iis
288 2401 470 2476 statuimus
496 2403 669 2476 summam
696 2402 789 2500 spem
816 2403 938 2498 gloriae
966 2424 1025 2476 aut
1052 2407 1191 2504 praemii
1218 2405 1389 2479 coelestis.
1449 2418 1456 2467 1

107 2505 187 2600 Age
225 2518 314 2575 vero
341 2503 384 2576 ad
410 2502 482 2576 haec
510 2501 687 2601 principia
714 2504 898 2602 exigamus
924 2506 1041 2575 Votum
1067 2507 1335 2602 sanguinariam
1371 2510 1458 2598 Pars

54 2587 250 2675 tbenotimi
270 2598 409 2696 nostri,
435 2603 472 2678 dc
499 2595 792 2699 Cusentinorum.
830 2602 1007 2693 Credere,
1036 2604 1104 2679 hoc
1131 2605 1178 2678 est
1204 2604 1377 2707 Opinati,
1416 2603 1457 2674 si-

59 2711 106 2774 ue
134 2701 336 2801 persuadere
362 2702 443 2795 sibi,
467 2698 659 2804 ‘Virginem
686 2702 755 2779 sine
783 2698 921 2779 macula
934 2704 1027 2779 fuisse
1054 2727 1289 2808 conceptam,
1319 2705 1360 2778 ad
1374 2705 1459 2780 cul·

56 2810 143 2901 tum
162 2795 464 2897 ordinatum'Dei
492 2831 533 2880 ac
559 2804 723 2906 Virginis
750 2806 879 2900 merito
916 2807 1094 2910 pertinet,
1133 2810 1215 2909 quia
1251 2805 1457 2881 sufficientes

55 2914 100 2969 ac
126 2898 332 2981 Probabiles
358 2908 514 2982 rationes
541 2907 703 2984 humanis
730 2903 881 3009 ingeniis
908 2911 1052 3007 adsunt,
1080 2931 1117 3006 ut
1146 2910 1229 2984 huic
1257 2906 1462 3007 Opinioni,

55 2985 242 3096 postposita
269 3008 470 3099 contraria,
499 3004 721 3101 adhereant,
749 3037 790 3084 ac
818 3011 990 3112 praecipue
1018 3005 1184 3085 laudante
1212 3010 1311 3086 illam
1338 3009 1459 3082 Eccle-

57 3097 126 3191 sia.
154 3097 211 3171 Ad
233 3105 397 3178 eumdem
424 3112 724 3208 quoqueCultum
751 3112 958 3211 legitimum
969 3109 1099 3208 spebiat
1111 3113 1289 3187 celebrare
1316 3108 1459 3184 Festum

54 3196 310 3298 Conceptionis
328 3203 512 3299 secundom
538 3203 639 3300 Piaia
666 3204 765 3300 istam
785 3207 1015 3305 sententiam,
1042 3233 1152 3306 quum
1178 3210 1384 3281 sufficientes
1401 3234 1457 3281 ra·

55 3297 181 3372 tiones·r
199 3299 359 3374 Ecclesia
386 3292 529 3403 adsint,
557 3324 597 3377 ut
624 3302 705 3375 huic
734 3303 938 3402 Opinativo
964 3299 1075 3377 cultui
1109 3307 1310 3403 suffragium
1338 3332 1378 3378 ac
1405 3309 1459 3378 sa·

56 3411 184 3502 vorem
215 3402 382 3574 grestem·
417 3399 576 3504 quod&
612 3392 674 3478 illa
701 3404 860 3505 quotidie
897 3399 1031 3503 praestat
1058 3404 1096 3479 in
1122 3406 1311 3508 probandis
1346 3405 1490 3479 Fessis·

58 3510 115 3572 sot
143 3501 214 3572 San
251 3528 378 3594 orum,
405 3527 465 3579 aut
492 3504 689 3605 Reliquiis,
719 3529 778 3582 aut
805 3503 1017 3597 Mirac'ulis,
1046 3532 1120 3608 quae
1132 3528 1236 3581 extra
1262 3506 1365 3581 Fidei
1393 3531 1458 3606 po-

56 3597 184 3701 rnoeiia
222 3599 316 3693 sunt,
355 3597 413 3678 sed
440 3606 514 3703 jure
542 3602 635 3681 intra
669 3594 754 3681 sines
791 3603 993 3706 Religionis
1028 3603 1208 3709 prudentis
1248 3609 1456 3682 versantur:

54 3696 244 3801 Hucusque
270 3701 366 3779 recle
390 3707 579 3804 negotium
607 3707 788 3808 procedit,
816 3700 853 3782 dc
880 3705 973 3782 nihil
997 3704 1117 3809 agitur
1133 3732 1259 3809 prater
1286 3730 1346 3806 aut
1373 3733 1460 3799 con·¹

57 3820 115 3874 tra
142 3823 324 3900 mentem,
350 3826 411 3881 aut
438 3809 722 3882 consuetudinem
748 3804 931 3902 Ecclesia,
965 3831 1072 3925 atque
1099 3811 1216 3884 omnis
1242 3808 1458 3907 Superstitio·

54 3904 112 3970 nii
136 3925 242 3977 meros
266 3905 377 4004 abest.
413 3906 449 3980 Si
477 3935 568 3984 vero
594 3909 775 4012 quisquam
803 3909 904 3995 hosce
942 3906 1081 3985 limites
1103 3914 1351 4012 supergressus,
1390 3935 1456 3982 vo·

55 4019 142 4101 vere
168 4000 278 4099 etiam
305 4008 437 4101 sudet,
474 4010 507 4084 se
543 4006 760 4110 Sanguinem
787 4011 824 4084 &
851 4007 977 4085 Vitam
1004 4012 1170 4086 daturum
1205 4006 1455 4112 propugnandi

55 4101 169 4193 caussa
194 4101 285 4176 hanc
311 4102 420 4204 ipsam
446 4103 489 4184 de
515 4111 760 4211 Conceptione
787 4113 1020 4186 sententiam:
1055 4138 1098 4186 en
1124 4110 1298 4213 Exceffam
1334 4115 1456 4212 Pietaf

50 4203 122 4289 tis,
151 4226 195 4274 eir
222 4201 362 4276 Cultam
387 4208 616 4281 inordinatam
644 4214 714 4284 Dei
739 4214 787 4287 (9⁴
813 4211 965 4304 Maria,
991 4213 1030 4287 &
1055 4215 1308 4314 consequenter
1332 4215 1455 4309 Super·

46 4298 250 4397 stitiaaem.
278 4302 424 4406 Quippe
449 4308 571 4407 negari
599 4335 673 4384 non
700 4311 833 4409 potest,
862 4312 946 4411 quin
974 4314 1042 4387 hoc
1068 4312 1107 4387 sit
1128 4306 1253 4410 prater
1277 4312 1450 4410 Constitu·

48 4404 176 4484 rioaeai
202 4401 380 4505 Ecclestae,
408 4405 517 4507 quirin
541 4409 620 4511 post
643 4414 790 4486 Annum
815 4413 928 4517 ,rouo
953 4414 1152 4516 inconsulta
1176 4413 1300 4491 eadem
1324 4411 1451 4504 Recte,

1296 4505 1299 4511 ,
1348 4498 1458 4608 ψ’,
