3554 5384
175 281 236 357 40
588 246 653 328 Dr
682 228 951 358 Superstiiionr
981 234 1188 351 Vitanda,

226 380 575 478 ·c0ns1tt0'heic‚·&
597 376 620 462 e
642 388 958 489 vestigiorum,
972 415 1042 463 non
1061 385 1165 465 se'nrel
1186 376 1575 489 Parthenotlmuinpm

178 491 350 566 sellatum·
374 485 502 579 fuisse,
537 485 598 562 fibi
623 489 705 563 loco
729 489 921 588 Dogmntis
945 489 1069 563 divina
1099 488 1186 562 Fide
1221 482 1489 569 credendi-non
1518 488 1581 561 esse.

182 589 419 675 sententiam,
464 588 772 687 propugnatricem
799 590 1038 663 Immaculata
1067 587 1376 688 Goncrptionir-'.···
1393 590 1432 660 -Is
1470 587 1582 665 etiim'

182 709 307 788 negat,
333 691 469 760 Votum
490 688 761 786 Sanguina'tium
794 687 884 762 ideo'-
902 702 1141 790 conceptum,
1184 687 1276 789 quod
1309 685 1480 784 ejusmodi
1514 686 1578 759 sen·

183 788 293 864 tentia
311 792 428 861 *Certa
456 786 498 860 de
525 786 612 860 Fide
630 808 660 861 'a
692 788 903 862 voventibus
925 790 1116 864 credatur.
1154 787 1250 861 Mihi
1278 802 1412 859 contro·
1432 806 1506 858 non
1530 783 1583 857 vi«.

183 890 305 979 detur,
331 886 368 962 ἃ
398 913 443 959 ne
475 884 553 960 aliis
582 888 723 988 quidem
753 887 964 980 videbitur,
1003 893 1064 963 esse
1092 889 1165 961 haec
1187 911 1285 960 mens
1312 880 1484 983 ejusmodi
1511 887 1579 956 vo·-

183 1009 261 1064 tum
287 985 592 1085 concipientibus.
628 993 677 1061 Ut
699 987 790 1061 insra
818 987 991 1087 patebit,
1026 988 1096 1062 non
1121 987 1262 1061 aliunde
1296 983 1475 1085 originem
1511 988 1578 1056 tri·

183 1089 239 1162 xit
273 1088 340 1193 hoc
371 1091 531 1176 Votum,
558 1085 620 1159 nisr
650 1102 673 1161 e'
693 1085 927 1186 quorumdam
953 1088 1221 1186 Theologorum
1250 1085 1491 1198 Hispanorum
1511 1107 1578 1182 per·

183 1187 351 1276 suasione,
378 1185 502 1285 quibus
522 1185 705 1269 Scotislicu
723 1188 892 1261 sententia
914 1187 957 1261 od
977 1196 1114 1262 tintain
1139 1185 1408 1261 certitudinem
1438 1183 1515 1256 visa
1537 1181 1577 1254 ell

184 1284 355 1375 dedudla,
392 1305 429 1359 ut
457 1285 648 1361 laudandus
673 1289 786 1378 soret,
814 1288 925 1362 immo
951 1293 1089 1376 Mamur
1112 1288 1191 1361 esset
1210 1280 1402 1375 dicendus,
1439 1282 1502 1382 qni
1521 1304 1576 1380 pro

184 1388 254 1485 ejus
287 1384 449 1459 Veritate
478 1407 629 1460 mortem
656 1386 771 1461 obiret
783 1402 795 1460 .’
817 1392 914 1462 Nam
947 1387 984 1462 ἀ
1016 1386 1222 1477 Granadus,
1249 1386 1286 1458 &
1313 1383 1376 1457 alii
1399 1382 1573 1482 scripsere,

183 1489 276 1586 posse
306 1484 543 1558 Christianum
570 1485 692 1561 divina
721 1486 809 1560 Fide
839 1487 1011 1577 credere,
1047 1486 1116 1561 sme
1146 1487 1225 1560 labe
1261 1484 1454 1582 Virginem
1491 1480 1574 1556 suist

183 1605 411 1684 conceptam,
438 1585 577 1686 quoties
612 1585 672 1660 fibi
694 1585 929 1687 persuadeat,
966 1585 1001 1660 id
1027 1587 1120 1660 fuisse
1142 1613 1162 1658 a
1188 1591 1270 1659 Deo
1288 1584 1512 1657 revelatum:
1536 1584 1574 1652 Et

185 1685 309 1769 nostris
336 1685 554 1784 temporibus
588 1687 684 1761 Viva
708 1686 746 1759 in
764 1691 867 1759 Trut.
885 1687 1029 1760 -Theol
1061 1685 1103 1759 ad
1135 1684 1302 1786 Proposst.
1324 1686 1422 1758 XXI.
1447 1683 1575 1754 damna·

182 1805 258 1860 tam
285 1784 330 1858 ab
366 1785 574 1859 Innocentio
599 1791 661 1860 XI.
688 1786 760 1860 haec
801 1786 881 1859 ait:
914 1787 1079 1884 Equidem
1110 1785 1248 1883 cenſseo,
1290 1781 1383 1882 poffe
1411 1787 1575 1854 dumus·-

183 1887 288 1959 latum
316 1886 469 1981 Virginis
492 1889 743 1984 conceptionem
772 1884 860 1958 Fide
888 1885 1012 1958 divine
1037 1882 1127 1957 credi
1155 1887 1198 1957 ab
1227 1908 1295 1970 eu,
1334 1883 1392 1954 cui
1419 1881 1577 1953 moraliter

33 2014 37 2020 ·
182 1985 337 2084 constat,
371 1983 540 2086 eumeffe
559 1988 726 2084 implicite
745 1989 781 2058 in
799 1988 977 2082 Scriptura
997 1987 1208 2058 revelatam.
1241 1981 1404 2080 Quippe,
1432 2000 1474 2053 ut
1495 1978 1578 2052 idem

183 2086 336 2174 scribit,
371 2083 438 2156 baec
458 2085 747 2186 probabilt'ffime,
785 2088 881 2158 immo
919 2088 1021 2158 etium
1056 2110 1128 2158 com
1158 2083 1276 2156 murali
1299 2078 1523 2154 Certitudine
1548 2099 1580 2151 ot

183 2185 372 2280 Scripturis
398 2188 563 2277 eruitur,
593 2186 645 2262 (9⁹
669 2185 719 2283 esi
737 2188 889 2280 proxime
909 2182 1095 2285 definibilir
1127 2209 1148 2255 u
1175 2178 1372 2280 Pontifice,
1403 2179 1582 2279 presertim

181 2282 259 2383 posi
283 2283 447 2357 decretum
471 2284 662 2357 Alexandri
690 2288 769 2358 Vll.
796 2284 1030 2376 decernentis,
1059 2283 1182 2357 cultum
1205 2282 1422 2377 Conceptiuni
1440 2279 1583 2374 Virginis

125 2435 127 2440 s
182 2382 337 2456 ¹exbiberi
356 2385 398 2455 ub
423 2382 573 2482 Ecclefie
584 2384 767 2484 secundum
795 2387 893 2480 piam
916 2383 1143 2482 sententiam,
1169 2407 1267 2479 quum
1289 2379 1368 2480 fere
1395 2403 1507 2452 omnes
1525 2381 1586 2450 Cu·

183 2481 306 2557 thuliei
331 2483 603 2579 umplesiuntur.
641 2487 767 2586 Arripe
797 2484 886 2556 hanc
915 2484 1154 2582 promissam:
1189 2502 1266 2553 tum
1296 2479 1328 2553 ei
1359 2479 1512 2552 alteram
1533 2476 1586 2550 ad·

183 2584 291 2684 junge
316 2610 337 2657 e
359 2583 543 2657 Cardenus
570 2584 606 2657 in
630 2583 721 2659 Crisr
746 2583 875 2658 Theol.
901 2581 1023 2658 Tradl.
1033 2587 1060 2657 1.
1088 2581 1270 2679 Disputq.
1295 2579 1496 2676 numetis.
1513 2572 1587 2673 Poll

180 2685 323 2758 -Bullum
353 2685 541 2757 Alexandri
568 2689 651 2758 VII.
688 2703 847 2782 quotquot
875 2683 918 2756 tle
948 2685 1173 2779 Conceptione
1194 2678 1402 2777 scripserunt
1427 2680 1441 2776 (
1453 2695 1590 2773 preter

180 2784 441 2873 Curnmueletn,
477 2784 525 2858 (Ψ
545 2787 716 2857 Murciam
736 2783 750 2876 )
776 2781 988 2878 affirmarunt
1015 2780 1224 2855 Sententiam
1238 2782 1335 2876 piem
1355 2776 1422 2890 effe
1442 2777 1481 2848 in
1492 2775 1591 2875 flatu

179 2882 428 2969 certitudinis,
457 2905 519 2952 nun
539 2883 641 2954 Fidei
661 2883 674 2978 (
694 2881 821 2961 scilieet
848 2881 1023 2955 manantis
1048 2876 1097 2956 ex'
1125 2880 1198 2953 Dei
1222 2879 1481 2968 revelatione,
1516 2896 1590 2973 que

185 2979 226 3053 -srt
255 2979 300 3052 ab
329 2977 482 3051 Ecclesra
509 2978 685 3053 Fidelibus
715 2981 889 3080 proposse
910 2978 923 3074 )
941 2979 1006 3079 sed
1034 2981 1201 3070 Metelis,
1229 2976 1409 3076 Pduficae,
1447 2974 1495 3050 Θ
1516 2977 1593 3048 Me·

180 3076 400 3176 rupdyficae.
437 3081 534 3176 Ergo
565 3079 750 3152 secundum
776 3080 838 3153 illa
871 3078 1045 3180 principia
1082 3079 1208 3152 inferre
1246 3077 1387 3178 quisque
1426 3072 1591 3175 poterit:

178 3177 412 3279 Quicumque
437 3178 591 3252 sinnam·
605 3178 865 3254 Certitudinem
890 3179 934 3253 de
956 3204 1001 3253 eu
1027 3177 1195 3254 sententia
1219 3178 1349 3253 hubent
1383 3180 1396 3275 (
1419 3176 1446 3248 ii
1467 3192 1592 3248 autem

183 3278 351 3379 precipui
381 3279 475 3370 sunt,
490 3280 563 3383 'qui
593 3283 742 3354 Votum·
758 3276 1032 3380 Sangui-narium
1055 3279 1341 3379 edunt‘proejns
1356 3272 1499 3368 tutela)
1533 3277 1537 3283 '
1565 3273 1586 3346 s

180 3381 260 3454 sunt
280 3379 441 3471 credere,
469 3400 503 3453 at
531 3408 573 3456 ue
595 3400 632 3454 ut
653 3406 722 3480 ego
741 3381 891 3480 opinor,
909 3404 1045 3456 ¹reuera
1066 3378 1216 3454 credunt
1241 3377 1329 3450 Fide
1354 3374 1475 3449 divina
1508 3299 1595 3445 ils,

178 3478 389 3653 ginpnptispne
409 3479 486 3553 labe
498 3409 603 3651 {iside
615 3501 847 3654 copceptqjm(i
869 3480 983 3652 Qii
1002 3480 1026 3652 p
1046 3481 1096 3594 ita
1114 3479 1193 3651 elge,
1210 3477 1380 3652 Ruideanp1
1388 3471 1594 3646 'illisquleei

176 3606 284 3751 -eiririi
311 3601 894 3779 adciiinpiniitviiddltiaeprddddl
909 3601 1364 3753 ’affeiriuidnstitutiiiisi
1384 3596 1593 3782 'dlexasidri

178 3780 274 3849 Vll.
302 3800 409 3877 quum
436 3778 511 3848 luce
533 3777 731 3852 meridiana
751 3779 878 3854 clarius
899 3779 959 3873 stt,
986 3803 1066 3851 eum
1086 3776 1235 3852 minime
1254 3775 1403 3850 retulisse
1419 3772 1513 3845 inter
1533 3774 1594 3842 Fr·

175 3874 245 3950 dei
271 3877 455 3974 Dogmata
482 3878 697 3952 sententiam·
714 3879 955 3968 Scotisticam3
981 3898 1086 3976 atque
1112 3877 1258 3977 injurios
1284 3877 1345 3949 esse
1370 3867 1534 3947 Pontifici
1548 3869 1594 3943 il-

176 3975 215 4049 -li
229 4004 250 4070 ,·
268 3975 406 4076 quando
425 3976 743 4052 contradidlionem
767 3978 805 4051 in
832 3979 901 4075 ejus
925 3977 1065 4050 Bullarn
1093 3976 1263 4050 invehere
1279 3973 1467 4063 videntur,
1493 3967 1592 4070 quas

175 4075 214 4150 is
240 4076 857 4153 controversiamhancdirimendnm
873 4072 1007 4150 Sandlae
1030 4076 1112 4151 Sedi
1133 4075 1350 4170 reservarit,
1383 4073 1421 4148 &
1447 4070 1585 4145 nihilo·

178 4174 301 4250 minus
335 4202 413 4251 earn
447 4177 660 4274 diremerit,
690 4176 844 4253 favendo
866 4177 936 4267 iis,
970 4175 1030 4277 qui
1056 4176 1264 4250 sententiam
1289 4173 1510 4256 ,Scotislicam
1533 4190 1590 4243 te·

179 4294 291 4366 nent,
314 4275 354 4349 dc
382 4275 566 4351 secundum
585 4277 685 4352 illam
703 4276 1049 4353 celebrant-Festum
1084 4275 1363 4376 conceptionis.
1398 4269 1586 4364 Quoniam

186 4400 277 4470 uero
306 4375 586 4454 Parthenotimus
608 4378 785 4481 agnoscit,
811 4404 881 4454 non
905 4377 966 4458 elle
983 4374 1083 4453 ⁴lianc·
1103 4375 1313 4452 'sententiam
1338 4371 1480 4464 exiis,
1507 4394 1585 4470 quer

1533 4465 1580 4543 ad
