3554 5384
174 290 262 375 ,²16
561 268 626 355 Dc
656 266 931 381 superstitione
962 262 1174 381 Vitanda,

176 424 269 504 nasci
293 419 448 525 primum
468 416 659 510 viderunt,
685 417 845 520 &pauci
869 440 1104 520 exceperunt.
1131 421 1301 515 Accedit,
1330 422 1422 525 quod
1454 422 1580 500 famo:

175 530 217 601 sae
237 522 462 623 Granarenser
471 525 643 611 Laminie,
657 521 801 622 aliaeque
821 543 980 596 recentes
1000 521 1198 621 imposturae
1219 551 1263 598 ex
1283 524 1575 624 Hispanieisscri·

174 628 244 703 niis
264 626 500 724 deprompta,
528 624 647 696 fucum
668 642 751 695 tunc
772 625 886 697 fecere
905 622 1188 716 Panormitanis,
1216 623 1257 698 ad
1282 624 1402 701 omnia
1424 622 1574 698 Pietatis

176 726 293 800 officia
315 751 386 799 non
408 725 587 824 segnibus,
630 723 724 824 quasi
755 724 823 820 jam
852 722 939 798 adeo
959 729 1109 798 Certum
1133 725 1284 800 evafillet
1314 724 1574 829 conceptionis

175 828 357 925 Virginea
379 825 613 920 Mysterium,
641 846 679 896 ut
702 850 765 923 pro
788 826 858 924 ejus
877 825 1040 898 Veritate
1061 826 1192 900 tuenda
1214 828 1347 917 eculei,
1374 826 1411 900 dc
1433 824 1574 900 atrocia

143 1002 147 1011 ,
201 927 311 1002 uaevis
328 947 528 1013 tormenta,
555 928 699 999 &mors
723 927 815 1023 ipsa,
842 927 1032 1026 prudenter
1052 928 1180 1001 &cum
1203 928 1327 1018 laude,
1354 927 1471 1001 immo
1492 949 1584 1010 curn¹

176 953 233 1129 ipe
243 1028 439 1122 Martyrii,
463 1024 610 1099 tolerari
620 1028 710 1127 polle
720 1026 967 1102 crederentur.
986 1030 1152 1103 Haeccine
1164 1055 1251 1127 ergo
1260 1030 1447 1122 Traditio,
1465 1051 1576 1129 quam

176 1128 265 1204 sacri
284 1132 448 1202 Canones
459 1128 740 1201 commendant?
765 1135 908 1227 Apage.
937 1129 1273 1219 lmmoinve'ntnm,
1300 1149 1339 1202 ut
1363 1129 1415 1203 ita
1430 1126 1573 1218 dicam,

177 1228 255 1305 heri
273 1251 418 1325 natum,
443 1229 480 1303 dc
507 1232 677 1303 Romanae
689 1228 770 1302 Sedi
780 1229 1008 1325 injuriosum,
1034 1256 1109 1331 qua
1136 1257 1210 1304 rem
1231 1229 1374 1304 dubiam
1396 1226 1575 1328 agnoscit,

176 1330 309 1430 sibique
327 1330 369 1404 de
389 1332 451 1404 illa
473 1328 642 1424 judicium
662 1331 878 1426 reservavit,
904 1331 940 1406 8<
963 1331 1197 1432 perniciosum
1222 1330 1347 1420 Fidei,
1376 1353 1485 1430 quum
1502 1352 1575 1401 cer·

177 1430 312 1507 tiffimis
331 1434 402 1529 ejus
422 1431 613 1533 Dogmatis
642 1437 849 1508 Novatores
869 1432 924 1506 isti
945 1459 1046 1533 pares
1065 1432 1199 1508 faciant
1229 1433 1430 1531 Opiniones
1461 1425 1576 1503 homi·

176 1557 286 1624 num,
311 1532 462 1634 denique
485 1534 704 1609 contrarium
724 1534 857 1609 divina
875 1535 988 1635 Legi,
1015 1561 1127 1635 aqua
1147 1533 1308 1633 jubemur
1328 1556 1400 1609 non
1426 1527 1575 1632 projiee·-

177 1656 218 1706 re
238 1634 482 1732 imprudenter
501 1663 541 1710 ac
562 1656 695 1711 temere
716 1638 862 1710 Vitam.
936 1639 939 1647 ’
1433 1634 1435 1640 ’

229 1736 402 1806 Ceterum
425 1741 565 1832 quantis
585 1736 697 1833 potest
717 1737 864 1808 vocibus
886 1755 1011 1834 pergat
1026 1736 1234 1832 Theologus
1257 1734 1375 1807 noster
1402 1751 1578 1807 revocare

177 1830 220 1911 in
240 1853 395 1908 mentem
416 1833 655 1908 conterraneis
663 1832 730 1906 suis
744 1837 909 1906 Pietatem
928 1859 967 1907 ac
988 1836 1207 1909 Prudentiam
1218 1833 1392 1919 Majorum
1413 1836 1453 1905 in
1473 1830 1576 1930 susci·

175 1939 302 2033 prendo
320 1933 359 2007 iel
374 1960 481 2031 genus
500 1936 597 2009 Vota.
625 1933 696 2008 Ubi
713 1932 767 2006 illi
787 1930 1014 2031 recogitent,
1100 1932 1174 2006 ibus
1195 1932 1370 2006 machinis
1399 1931 1444 2006 ad
1476 1928 1582 2027 hujus·

179 2035 281 2110 modi
296 2039 434 2110 Votum
449 2034 619 2138 pertraeii
635 2034 767 2110 fuerint
785 2033 942 2129 Maiores
961 2032 1029 2124 sui,
1049 1959 1188 2136 liquid
1208 2037 1391 2106 Romanus
1413 2028 1582 2104 Pontifex

179 2136 300 2236 pollea
316 2137 359 2209 de
380 2133 1057 2225 GranatensibusLaminisdecreverit,
1084 2133 1216 2234 &quid
1233 2131 1367 2207 facium
1383 2131 1426 2206 de
1451 2127 1580 2206 ceteris

183 2235 422 2334 commentis,
449 2238 573 2353 quibus
592 2239 733 2311 larvam
751 2235 923 2337 posterior
944 2256 1025 2310 atas
1044 2233 1222 2310 detraxit:
1248 2234 1366 2308 hercle
1381 2234 1503 2306 nullus
1524 2229 1584 2303 du·

180 2330 281 2422 bito,
319 2335 404 2437 quin
424 2342 529 2415 alrter
545 2339 721 2454 agendum
741 2337 829 2429 rati,
864 2361 938 2410 non
957 2335 1089 2410 minori
1113 2339 1273 2424 Pietate,
1311 2331 1443 2428 majori
1466 2351 1584 2413 autem

184 2441 375 2509 Prudentia
393 2464 413 2512 a
445 2439 681 2540 Sanguinario
704 2439 804 2513 Voto
826 2435 1014 2528 recedant.
1052 2434 1184 2523 Plaudo
1205 2432 1327 2530 &ego
1348 2432 1583 2533 cuicumque,

182 2537 456 2614 Panormitanos
467 2542 577 2616 Cives
588 2538 767 2632 hortanti,
795 2558 833 2613 ut
850 2535 986 2613 Pietate
1006 2561 1088 2611 cum
1098 2534 1299 2634 Majoribus
1316 2554 1477 2624 certent,
1501 2533 1583 2617 dum

184 2659 309 2713 tanren
326 2641 440 2715 Pietas
459 2642 610 2741 prudens
632 2667 673 2718 ac
696 2640 804 2716 solida
821 2640 884 2731 fit,
911 2664 983 2712 non
1004 2635 1241 2736 imaginaria,
1278 2635 1409 2708 nonin
1434 2633 1584 2707 excelsus

184 2737 387 2839 improvide
406 2762 529 2840 rapta.
557 2745 595 2817 Si
619 2768 708 2817 vera
722 2745 820 2834 lunt,
847 2738 996 2817 llsolida
1012 2740 1111 2831 sunt,
1140 2763 1214 2840 quae
1234 2735 1403 2812 haetenus
1425 2733 1580 2809 adversus

184 2843 324 2914 Votum
344 2840 618 2940 sanguinarium
639 2842 801 2933 disserui,
830 2842 899 2939 jam
918 2841 1188 2915 Panormitanos
1207 2864 1279 2912 non
1298 2864 1385 2938 ego,
1414 2836 1470 2910 sed
1489 2840 1527 2908 A
1552 2856 1585 2906 o·

186 2940 292 3014 stolus
314 2942 368 3014 his
388 2942 534 3015 demum
555 2943 673 3015 verbis
705 2942 830 3045 Ephes.
851 2945 898 3026 V,
916 2944 1002 3015 vers.
1028 2966 1083 3038 17.
1111 2939 1331 3043 alloquitur:
1362 2935 1481 3007 Nolite
1490 2858 1586 3030 fiiri

187 3038 438 3128 Imprudentes,
457 3041 522 3132 sed
540 3041 790 3131 intelligentes,
818 3063 890 3132 quae
904 3039 952 3134 fit
968 3038 1130 3111 Voluntas
1146 3042 1239 3111 Dei.
1276 3040 1321 3109 Et
1339 3028 1513 3135 quoniam
1537 3030 1587 3127 de*

187 3158 228 3207 re
252 3135 343 3204 tanti
364 3136 563 3224 momenti,
590 3137 703 3234 qualis
723 3137 770 3205 est
791 3135 1028 3233 pretiosissima
1047 3129 1236 3213 hominum
1256 3135 1362 3224 Vita,
1388 3131 1427 3206 in
1452 3136 1588 3208 Pauori

186 3230 327 3313 mitano
346 3235 446 3310 Voto
459 3259 565 3338 atque
588 3233 625 3308 in
644 3232 838 3310 Cusentino
861 3234 1004 3335 agitur:
1028 3262 1135 3312 nemo
1151 3237 1296 3338 quidem
1316 3235 1484 3327 fallatur,
1511 3236 1584 3310 Vo-

188 3337 365 3414 luntatem
388 3339 452 3413 elle
469 3338 541 3435 Dei
553 3336 613 3411 fibi
626 3336 851 3438 persuadens,
878 3340 917 3411 ut
934 3338 1211 3431 Vitaservetur,
1240 3340 1278 3414 in
1298 3333 1584 3427 solidu‘Virtutls

189 3467 231 3514 ac
248 3438 396 3512 Pietatis
411 3436 542 3512 officiis
566 3438 810 3513 exercitanda:
836 3439 1025 3539 quumipse
1038 3444 1138 3516 Deus
1149 3461 1270 3551 aperte
1296 3437 1525 3543 preceperit,
1541 3457 1583 3508 ne

189 3565 266 3613 rem
291 3558 428 3611 tantam
449 3536 499 3611 sui
521 3538 605 3633 juris
626 3564 691 3612 nos
712 3535 863 3611 arbitrio
880 3538 996 3612 nostro
1020 3541 1245 3636 abjiciamus.
1281 3545 1422 3625 Contra
1453 3531 1582 3634 judicio

190 3661 275 3712 meo
297 3636 452 3726 fallitur,
481 3636 660 3714 &saltem
679 3636 810 3732 judicio
834 3638 994 3711 omnium
1015 3640 1091 3714 falli
1106 3643 1228 3742 poffit,
1280 3639 1316 3715 ui
1338 3637 1495 3722 minime
1515 3660 1579 3711 cer·

191 3746 276 3829 tus,
308 3760 353 3808 an
378 3757 520 3835 gratum
541 3741 623 3809 Deo
643 3736 851 3811 sacrificium
870 3737 1017 3830 offerat,
1053 3740 1157 3816 &an
1185 3668 1340 3819 Ecclesia
1372 3740 1488 3815 ferale
1518 3736 1575 3811 hoc

190 3835 329 3910 Votum
352 3834 498 3934 probet,
538 3857 598 3912 aut
617 3835 656 3913 sit
676 3863 847 3940 umquam
865 3839 1080 3955 probatura,
1121 3843 1158 3919 in
1188 3865 1343 3920 mortem
1368 3863 1510 3918 certam
1528 3833 1578 3912 sub
1630 3908 1633 3913 .

192 3934 304 4040 specie
326 3937 473 4016 Pietatis
481 3962 584 4014 ruat.
610 3943 781 4015 Certetur
796 3941 942 4042 proinde
961 3943 1248 4020 voce&calamo
1266 3970 1334 4047 pro
1353 3943 1490 4018 tuenda
1507 3940 1583 4011 Seu·

192 4040 307 4114 tentia
325 4041 471 4116 favente
496 4043 738 4117 Immaculata
758 4041 996 4143 Conceptioni
1016 4045 1193 4145 Virginis:
1222 4067 1258 4122 at
1277 4045 1371 4116 Vitae
1394 4039 1582 4116 hominum

191 4162 379 4236 parcatur,
405 4141 491 4218 dum
511 4145 749 4236 Quaestionem
767 4143 857 4219 hanc
869 4145 1016 4219 dirimat
1032 4147 1234 4242 Apostolica
1245 4140 1380 4236 Sedes,
1407 4140 1585 4224 mentisac

192 4240 397 4315 Voluntatis
412 4243 485 4316 Dei
505 4244 668 4343 legitima
688 4245 882 4345 interpres,
908 4242 1003 4342 cujus
1019 4240 1233 4322 corrediioni
1252 4241 1402 4333 interim
1422 4244 1586 4330 haeum·

193 4337 254 4414 uia
274 4339 505 4419 meademilse
525 4343 674 4446 lubjedla
695 4347 803 4419 volo.

707 4447 741 4523 F
789 4449 815 4521 Ι
860 4448 905 4522 Ν
947 4448 973 4526 Ι
1017 4447 1064 4525 S.
