3554 5384
176 270 233 369 32
564 259 630 347 De
657 258 926 375 Superstitione
954 263 1137 351 Vitanda
1149 333 1163 375 ,

175 407 311 484 mineat
330 401 489 494 homini,
514 403 650 480 nullutn
668 406 778 489 alium
797 407 917 485 cibum
932 418 1058 508 pruter
1075 417 1220 485 carnem
1243 408 1409 502 habenti,
1435 419 1521 489 t'uuc
1540 401 1577 503 ei

175 533 252 586 non
275 505 385 579 solum
410 502 528 596 licet,
562 503 619 580 sed
644 531 730 607 opus
755 506 803 582 eli
826 507 873 581 ab
896 508 1046 586 interitu
1071 512 1198 585 Vitam
1221 509 1319 585 suam
1335 510 1485 610 eripere
1517 539 1580 594 cof

176 603 356 692 medendo
377 628 530 678 carnes.
560 605 679 680 Aliter
703 607 866 688 faciendo
886 621 1052 708 peccam
1073 663 1086 700 ‚
1118 608 1320 688 simonitut
1339 610 1378 685 in
1401 608 1576 687 eleffioue

180 706 308 781 mortis
332 702 566 806 pervicaciter
584 704 794 804 persisteret·
816 706 957 782 Contra
980 709 1113 809 semper
1137 709 1294 784 laudabit
1305 709 1461 785 Ecclesia
1482 712 1581 810 quos,

180 807 335 909 cumque
367 803 482 878 vitem
501 825 669 903 ponentes
692 831 759 905 pro
782 805 952 882 Callitate
976 810 1058 884 Deo
1081 807 1223 908 dicata,
1249 809 1318 883 hoc
1343 806 1576 887 esteximiun

176 905 270 994 illud
294 902 471 980 sitituale
495 905 633 993 Bonum
656 908 877 1005 preferentes
901 904 1004 981 Vita.
1020 909 1084 987 suae
1115 900 1323 1010 oorpornlit:
1343 909 1576 1004 conservatio·

177 1007 241 1094 ui.¹
263 932 329 1092 Ad
348 1003 420 1077 hac
444 1003 640 1080 renuntiari
653 1003 819 1089 castitati
843 1031 916 1089 non
986 1007 1074 1098 tesi,
1097 1006 1366 1109 uisirpe'cc‘audo
1387 1062 1399 1098 ,
1424 1024 1487 1083 attt
1503 1035 1574 1089 uu·¹

180 1102 314 1198 hendo.
340 1102 498 1194 Primum
519 1104 618 1179 nullo
668 1102 753 1187 adio
769 1104 885 1200 licet,
941 1126 1074 1182 ⁴terum
1097 1132 1161 1207 per
1183 1110 1282 1184 usum
1305 1104 1417 1183 debiti
1454 1107 1572 1182 matri·

178 1204 344 1297 monialis
363 1202 558 1280 custodiam
578 1208 612 1279 C
661 1205 760 1280 itatis
781 1205 890 1306 plenae
915 1226 1084 1305 perpetuo
1107 1207 1399 1312 tollere-potest,
1429 1206 1572 1283 castita·

181 1307 228 1382 tis
242 1307 410 1407 inquam,
429 1329 572 1392 omnem
589 1300 714 1388 adium,
732 1328 923 1380 venereum
933 1327 1078 1406 propter
1103 1331 1264 1382 amorem
1273 1306 1345 1382 Dei
1366 1305 1571 1389 aversantis,

179 1410 316 1483 Verum
340 1402 402 1480 etsi
424 1403 694 1502 Carthusranus,
720 1404 926 1489 incurrerunt
945 1407 1140 1495 necessitate
1155 1405 1303 1506 positus,
1320 1431 1444 1481 carnes
1463 1429 1572 1485 come

178 1503 264 1599 dat,
290 1524 329 1580 ut
348 1523 512 1588 mortem,
527 1523 611 1585 tunc
637 1504 770 1595 evitet,
796 1505 926 1603 poterit
951 1505 1146 1581 necessitate
1171 1505 1303 1585 ublate
1327 1504 1505 1606 reliquum
1523 1503 1573 1580 ui·

179 1622 226 1686 tae
247 1617 374 1705 agere,
399 1599 513 1679 saudie
532 1603 577 1677 ab
595 1602 718 1679 iisdem
737 1603 901 1689 carnibus
921 1602 1145 1683 abstinendo.
1198 1623 1211 1649 '·
1517 1645 1522 1683 ;

206 1760 216 1796 ⁴-
230 1704 407 1805 Exempla
431 1701 506 1778 hac
529 1727 661 1803 pauca,
687 1704 810 1804 quibus
836 1703 907 1791 alia
932 1703 970 1778 id
994 1731 1103 1804 genus
1127 1703 1276 1801 adjicere
1299 1706 1399 1782 nullo
1433 1703 1577 1805 negotio

152 1861 154 1866 -
182 1804 410 1906 unusquisque
435 1802 551 1904 poffit,
578 1804 654 1900 jam,
673 1803 754 1878 satis
779 1805 854 1878 sunt
881 1803 925 1891 ad
961 1801 1235 1903 agnoscendum,
1262 1831 1368 1906 quam
1402 1805 1512 1882 dubio
1537 1829 1575 1881 at

178 1904 299 2008 fragili
333 1905 428 1980 scuto
453 1902 726 2002 sanguinarium
750 1907 886 1979 Votum
914 1904 1209 1985 'Parthenotimus‘
1229 1905 1400 1981 tuendum
1433 1902 1577 2002 suscepe-

179 2007 251 2098 rit,
277 2002 502 2107 duminquit,
525 2002 654 2096 licere,
680 2027 722 2079 ac
735 2002 911 2079 laudabile
930 2005 993 2079 else
1004 2025 1069 2101 pro
1079 2005 1216 2078 Pietate
1232 2008 1336 2080 mori.
1360 2001 1470 2095 Quod
1480 2001 1579 2102 pium

175 2103 221 2180 sit
249 2104 391 2205 aliquod
416 2111 539 2203 Opus,
565 2130 636 2180 non
661 2103 830 2179 continuo
849 2103 1023 2204 sequitur,
1051 2102 1238 2204 prudenter
1260 2123 1321 2178 aut
1340 2102 1442 2177 licite
1452 2127 1529 2202 *pro
1538 2099 1578 2174 il·

178 2205 221 2303 lo
245 2204 371 2290 Vitam
396 2206 485 2303 posse
511 2201 694 2304 impendi,
732 2203 1005 2302 &potissimum
1030 2202 1056 2274 si
1081 2203 1232 2277 alteram
1256 2201 1501 2282 conditionem
1525 2226 1577 2274 rc·

181 2325 358 2406 petamus,
383 2301 587 2379 Christiano
608 2303 748 2378 homini
773 2301 1012 2392 necessariam,
1038 2323 1078 2377 ut
1103 2301 1288 2377 secundum
1317 2299 1575 2395 Prudentiam,

180 2430 294 2508 neque
316 2425 470 2497 temere,
498 2403 577 2480 aliis
602 2401 833 2480 occidendum
858 2405 900 2479 se·
916 2401 1098 2503 praebeat.
1130 2401 1317 2480 Nimirum
1340 2403 1472 2477 necesse
1497 2400 1574 2489 est,

184 2526 222 2582 ut
246 2509 414 2601 Bonum,
447 2531 512 2607 pro
537 2531 608 2607 quo
633 2504 807 2582 subeunda
832 2529 928 2582 mors
954 2504 1034 2597 est,
1072 2529 1144 2578 non
1168 2503 1279 2587 solum
1304 2500 1430 2602 pretio
1446 2502 1577 2600 superet

181 2610 320 2681 Bonum
346 2605 439 2681 Vita
464 2606 606 2698 nostra,
632 2606 687 2682 scd
712 2606 824 2682 etiam
849 2605 888 2680 stt
915 2630 1010 2706 aque
1037 2631 1078 2684 ac
1104 2602 1191 2678 illud
1216 2607 1386 2678 Certum.
1413 2601 1452 2675 Si
1483 2597 1577 2682 enim

45 2794 53 2799 ⁵
179 2709 361 2783 Incertum
386 2733 427 2783 ac
452 2706 596 2782 dubium
620 2711 757 2783 Bonum
790 2706 866 2802 sit,
903 2731 1055 2807 quocum
1087 2702 1338 2780 commutanda
1373 2699 1421 2775 est
1455 2700 1575 2789 Vita,

182 2807 262 2907 quis
286 2832 377 2905 rogo
401 2832 473 2881 non
497 2805 789 2906 Imprudentem,
816 2826 876 2880 aut
902 2806 1142 2896 Fanaticum,
1178 2805 1473 2881 autDementem
1496 2821 1579 2876 eum

184 2905 367 3004 appellet,
400 2905 460 3005 qui
484 2908 723 2979 Bonumsstam
749 2905 940 3002 pretiosum
962 2903 1001 2978 dc
1026 2908 1208 2995 Certum,
1243 2902 1281 2976 dc
1307 2902 1401 2999 cujus
1430 2897 1579 3000 possessio

185 3027 291 3076 manu
317 3021 476 3093 tenetur,
503 3002 607 3106 quale
632 3001 679 3076 est
704 3003 791 3078 Vita
816 3001 954 3090 nostra,
981 3001 1152 3101 deponere
1168 3003 1295 3101 <sponte
1320 2999 1440 3087 velit,
1459 3000 1580 3082 ut.Bo·

184 3112 271 3175 num
295 3102 544 3202 consequatur,
570 3103 614 3177 de
640 3129 712 3204 quo
737 3101 911 3194 dubitatio
937 3102 1004 3193 est,
1031 3115 1076 3176 an
1101 3101 1225 3176 existat
1246 3154 1259 3194 ,
1284 3097 1422 3174 &sieri
1450 3094 1579 3198 potest,

175 3219 228 3279 ‚ut
252 3225 446 3302 numquam
471 3201 595 3277 exiliat
615 3199 627 3277 i
651 3203 709 3278 Ad
736 3202 809 3276 haec
833 3200 1078 3277 Certiffimum
1095 3200 1142 3276 est
1166 3200 1581 3296 divinum-,Praecptum

185 3301 382 3394 servande,
406 3302 445 3377 dc
461 3327 549 3393 non·
566 3301 788 3405 projiciendae
813 3301 911 3376 Vitae
932 3303 1074 3392 nostrae,
1100 3316 1210 3401 quum
1234 3323 1297 3377 nos
1320 3295 1463 3370 domiui
1487 3293 1580 3371 illius

185 3429 259 3479 non
283 3401 386 3478 simus
410 3401 474 3478 sed
491 3407 612 3501 Deus3
635 3404 686 3478 ita
710 3424 749 3477 ut
775 3401 814 3477 in
840 3406 959 3477 Deum
985 3420 1107 3502 peccet
1129 3455 1140 3489 ,
1167 3399 1229 3498 qui
1253 3397 1321 3470 stne
1347 3415 1446 3470 certa
1471 3395 1509 3467 dc
1534 3392 1582 3466 le·

185 3503 316 3603 gitima
342 3505 452 3579 caussa
476 3530 498 3578 a
522 3508 606 3578 Deo
629 3502 779 3602 probata
804 3499 985 3599 jadluram·
1000 3501 1099 3575 illius
1121 3501 1247 3575 facere·
1263 3497 1385 3578 velit.
1418 3499 1582 3588 Quomo-

187 3603 236 3676 do
254 3627 346 3698 -ergo
371 3627 444 3677 nou
468 3601 678 3698 injustitiae,
713 3626 793 3684 non,
808 3600 1023 3682 temeritatis,
1043 3645 1065 3690 ,r
1091 3624 1131 3674 ac
1157 3593 1402 3696 imprudentia
1427 3615 1582 3765 ,atquem

185 3701 249 3774 dus
274 3698 365 3789 erit,
391 3698 604 3799 quicumque
629 3702 789 3787 Mortem
816 3700 925 3797 eligat
951 3724 1016 3797 pro
1041 3722 1080 3770 re
1099 3752 1110 3788 ,
1130 3714 1211 3797 'quae
1237 3696 1418 3770 Incertum
1451 3717 1470 3765 e
1535 3713 1582 3762 an

190 3799 327 3898 placeat
351 3800 457 3888 Deo,
483 3822 591 3897 quum
620 3798 754 3872 nullum
779 3799 851 3873 Dei
876 3802 1093 3895 Praeceptum
1119 3816 1178 3879 aut
1199 3792 1400 3869 vConsilium
1427 3783 1582 3873 adstrde

189 3895 407 4001 praeferendo
432 3891 571 3994 obieilo
595 3895 659 3970 illo
684 3895 942 3971 conservationi
969 3894 1062 3968 Vita
1086 3892 1230 3978 nostra?
1254 3898 1402 3967 Certum
1422 3888 1470 3964 cll
1488 3885 1583 3967 divi·

190 4021 277 4097 num
303 4000 518 4098 Praeceptum
542 3993 586 4070 de
612 4020 682 4082 non
707 3995 931 4070 sacrificando
952 3993 1091 4084 Idolis,
1128 3993 1170 4068 de
1196 4019 1268 4066 non
1303 3989 1479 4090 neganda¹
1495 3985 1583 4062 uide

176 4095 344 4195 Christi,
370 4096 414 4170 de
428 4121 511 4190 non
535 4095 762 4188 fornicando,
788 4117 860 4170 uno
885 4092 996 4175 verbo
1021 4092 1063 4166 de
1087 4118 1160 4167 non
1185 4091 1396 4191 peccando.
1430 4092 1581 4183 Certum

192 4193 413 4270 estdivinum
433 4193 627 4271 Consilium
646 4191 689 4268 de
707 4194 879 4270 Callitate
903 4191 1191 4282 Deodicanda,
1227 4190 1393 4264 laudante
1417 4185 1583 4285 Domino

192 4293 316 4383 illos,¹
343 4293 380 4367 ui
405 4293 438 4368 se
465 4294 699 4370 castraverunt
727 4313 871 4395 propter
895 4292 1055 4391 Regnum
1076 4292 1278 4381 coelorum,
1316 4290 1354 4364 &
1377 4287 1583 4387 pr‘aesctente

172 4319 363 4496 ,Apostoio
388 4390 548 4504 eamdem
573 4392 738 4493 conjugio
747 4447 764 4469 ..
783 4398 931 4486 Certum
955 4388 1177 4504 Consiliumq
1197 4387 1383 4499 interdum⁴
1400 4385 1438 4471 &
1455 4386 1584 4559 Prqrucg
